4148 5618
169 3282 172 3298 ¹
229 3317 231 3320 ·
322 3280 432 3354 δαΐοις
458 3288 564 3343 utrum
593 3277 634 3342 de
661 3261 806 3342 hostibus
827 3277 999 3342 Persarum
1026 3299 1068 3341 an
1096 3276 1136 3341 dc
1163 3277 1242 3365 ipsis
1257 3278 1365 3342 Persis
1388 3276 1478 3343 clade
1497 3277 1612 3344 bellica
1632 3277 1760 3344 afflictis
1774 3278 1951 3366 intelligen-

1042 431 1250 508 ...21-

333 663 396 730 316
422 681 481 748 pro
508 681 546 726 eo
574 661 661 751 quod
686 659 759 728 libri
785 656 909 726 'habent
929 661 1124 752 ἰσοτέγιοιρον
1145 662 1353 731 scribendum
1372 681 1443 727 esse
1474 657 1658 747 ἀντίμοιρον
1685 661 1870 730 Erfurdtius
1899 664 1982 754 (ad,

330 778 621 868 Sophoetulecrr.
643 803 674 869 v,
698 779 755 854 se)
772 777 869 846 ‘visre
1810 790 1815 804 ·
1980 759 1982 800 ³

481 900 588 964 Versu
610 898 673 964 809
696 919 768 986 sqq.
791 896 1041 984 Naegelsbachii
1067 901 1165 986 ratio,
1194 903 1249 989 qui
1269 898 1424 966 librorum
1449 898 1620 966 lectionem
1647 902 1694 967 ita
1715 886 1899 970 emendavit
1924 913 1983 970 ut}

335 1019 499 1086 lenissima
513 1041 589 1084 ursus
603 1017 730 1082 medela
745 1028 777 1083 et
788 1019 978 1084 sententiam
992 1020 1142 1085 restituer
1152 1029 1185 1084 et
1195 1029 1303 1107 aptam
1319 1028 1351 1084 et
1364 1017 1583 1106 antistrophae
1592 1041 1741 1086 numeros
1751 1029 1906 1107 servaret,
1920 1042 1958 1086 eo

333 1158 462 1226 quoque
485 1135 726 1220 commendatur
747 1137 834 1234 quod
856 1137 902 1201 sie
923 1146 1059 1224 apparet
1080 1139 1169 1215 αὔξει
1184 1137 1416 1226 significatione
1432 1138 1636 1206 intransitiva
1657 1139 1776 1206 (lictum
1798 1140 1957 1228 quomodo

328 1257 446 1323 factum
470 1257 511 1321 sit
532 1254 667 1334 ἀέξεται.
711 1254 984 1342 Naegelsbaohius
1007 1258 1053 1322 sic
1073 1257 1178 1323 locum
1201 1257 1312 1324 scribit
1333 1256 1369 1333 (l.
1392 1279 1418 1322 c.
1440 1279 1515 1343 pag.
1537 1256 1609 1342 37):

733 1374 827 1440 πόλει
848 1374 919 1440 τόδ’
941 1373 979 1442 εὖ
1031 1368 1053 1436 .’
1137 1379 1138 1382 ’

735 1492 813 1578 ἐμόν
833 1491 911 1578 ἐμὸν
931 1495 1045 1580 κέρδος
1066 1479 1155 1574 atesi
1176 1495 1263 1572 τόδ’,Ι
1277 1494 1370 1559 ἀταά
1391 1491 1565 1560 ἀποστατεῖ
1583 1494 1697 1582 φίλων.
1988 1573 1989 1582 2

327 1611 367 1678 ln
387 1614 559 1679 Persarum
581 1610 691 1677 fabula
712 1611 829 1677 accidit
855 1623 891 1678 ut
908 1629 951 1678 ¹eu
971 1623 1096 1680 tanturn
1116 1587 1311 1701 glossemata
1336 1614 1435 1678 insint
1460 1635 1544 1700 quae
1571 1614 1665 1679 metri
1685 1614 1804 1681 indicio
1828 1618 1956 1683 convin

328 1742 455 1817 cantnr3
489 1732 609 1796 frustra
635 1732 720 1796 enim
748 1753 802 1796 eas
832 1731 1094 1820 interpolationes
1120 1734 1319 1820 quaesiveris
1346 1731 1462 1819 quibus
1490 1734 1619 1798 omnino
1646 1733 1699 1799 vel
1727 1737 1955 1802 sententiarum

327 1873 430 1918 nexus
454 1853 494 1916 sit
515 1850 661 1916 trnbatus
683 1849 736 1915 vel
757 1850 928 1917 obscurata
950 1851 1124 1918 verborum
1145 1854 1204 1919 vis.
1249 1851 1400 1918 Ceterum
1423 1873 1506 1938 quae
1529 1860 1603 1917 sunt
1626 1853 1660 1916 in
1681 1852 1789 1918 Persis
1811 1855 1955 1942 ejusge-

327 1973 413 2036 neris
441 1993 479 2035 ea
500 1970 730 2055 Hermannurn,
762 1978 798 2035 ut
824 1980 894 2036 erat
913 1969 1125 2057 peritissimus
1152 1994 1260 2036 rerum
1288 1972 1493 2036 metricarum
1514 1970 1629 2058 juderi,
1658 1971 1822 2038 sustulisse
1847 1971 1955 2061 video,

328 2091 379 2154 cui
406 2111 565 2177 nusquam
591 2089 779 2155 obsecutum
805 2111 877 2154 esse
900 2090 1105 2156 Dindorfium
1135 2091 1257 2168 miror..
1284 2090 1424 2154 Versum
1451 2087 1515 2154 275
1543 2099 1575 2153 et
1601 2073 1656 2176 qui
1677 2100 1852 2178 sequuntur
1873 2089 1955 2158 Her·

325 2201 585 2296 mannus‘ejeeto
600 2211 884 2300 interpretamento
906 2214 1048 2293 Πέρσαις
1069 2220 1102 2274 et
1122 2218 1243 2274 mutato
1257 2207 1430 2273 verborum
1453 2207 1566 2272 ordine
1589 2207 1635 2272 sie
1648 2209 1796 2294 restituit,
1817 2219 1853 2276 ut
1874 2212 1954 2277 anti-
1994 2181 1997 2262 l

307 2326 479 2414 ,strophae
501 2301 648 2392 omnibus
669 2328 811 2392 numeris
833 2329 1064 2415 respondeant:

733 2447 793 2531 ἴυζ’
816 2447 961 2532 ἄποτμον
983 2448 1090 2523 δαΐοις

732 2565 889 2652 όυςαιανῆ
909 2568 993 2650 βοάν

732 2679 784 2786 οἷς
795 2682 902 2746 πάντα
924 2681 1097 2770 παγκάκως
1120 2681 1226 2765 (θεοί)
1507 2705 1512 2717 ·
1650 2654 1694 2732 3

731 2800 862 2878 ἔθεσαν,
887 2801 967 2877 αἰαῖ,
991 2803 1125 2884 στρατοῦ
1146 2805 1342 2888 φθαρέντος.

324 2921 525 2988 Vocabulum
546 2926 697 3006 Πέρσαις,
721 2918 809 3006 quod
828 2916 974 2984 in'libris
996 2928 1104 2984 exstat
1126 2893 1413 3026 antevooabulum
1435 2922 1551 3005 δαΐοις,
1574 2943 1613 2986 eo
1636 2921 1768 2986 consilio
1791 2920 1954 3009 adjectum
2002 2899 2005 3018 Ῑ

326 3061 396 3106 esse
419 3049 454 3106 ut
468 3039 529 3104 hoc
545 3038 721 3126 explicaret
742 3059 780 3102 eo
796 3036 985 3103 luculentius
1000 3047 1135 3125 apparet
1149 3037 1237 3124 quod
1258 3040 1291 3104 in
1306 3041 1451 3106 Parisino
1466 3041 1505 3107 Β.
1522 3043 1675 3129 scripturn
1691 3051 1740 3107 est
1753 3045 1952 3127 Hapuuwuir,
2003 3019 2006 3114 l

324 3159 427 3245 quod,
455 3169 489 3224 ut
511 3159 688 3224 Hermanni
709 3157 819 3222 verbis
836 3153 927 3241 utar,
953 3157 1072 3221 indicio
1095 3180 1166 3250 esse
1187 3157 1316 3223 videtur
1339 3159 1503 3225 dubitasse
1524 3161 1732 3248 interpretes,
1761 3147 1953 3226 vocabulum
2005 3189 2007 3280 p

324 3397 400 3462 dum
427 3407 522 3462 esset.
579 3397 700 3461 Versus
728 3396 792 3462 924
817 3395 942 3477 κλάγξω
971 3397 1002 3461 δ’
1029 3394 1072 3462 αὖ
1097 3399 1175 3478 γόον
1202 3395 1381 3482 ἀρίδακρυν
1412 3407 1449 3462 ut
1485 3379 1550 3462 non
1578 3397 1774 3485 respondeat
1802 3399 1953 3486 strophae
2007 3405 2009 3482 l

227 3555 232 3566 ·
323 3521 446 3603 πέμψω
468 3521 591 3602 πέμψω
614 3513 821 3599 πολύδακρυν
844 3497 960 3598 ῑακχόν
987 3496 1033 3578 eo
1053 3515 1201 3580 effectum
1224 3525 1287 3600 est,
1321 3516 1407 3601 quod
1433 3516 1512 3600 γόον
1537 3518 1572 3582 in
1599 3516 1710 3584 locum.
1724 3518 1814 3584 vocis
1836 3517 1953 3602 ἰακχάν
2009 3502 2010 3505 ¹

322 3634 529 3700 substitutum
552 3644 600 3699 est
622 3633 859 3720 verborumque
885 3633 964 3698 ordo
986 3643 1137 3700 mutatus.

475 3754 514 3818 In
528 3773 625 3817 versu
640 3753 704 3819 960
718 3755 812 3836 ἴυγγά
833 3777 889 3837 μοι
909 3753 980 3840 δῆτ’
994 3751 1136 3834 ἀγαθῶν
1150 3752 1271 3839 ἑτάρων
1285 3750 1534 3842 ὑπομιμνήσκεις
1547 3753 1740 3822 vocabulum
1755 3765 1951 3842 postremum

322 3882 373 3936 est
393 3873 712 3958 interpretamentum
732 3871 889 3936 brevioris
911 3871 1072 3956 vocabuli,
1099 3870 1187 3936 velut
1207 3861 1369 3955 ἀπαρίνας
1396 3873 1449 3939 vel
1471 3870 1660 3959 ἀπεγεέρειςι
1699 3874 1738 3938 In
1764 3895 1862 3940 versu
1888 3875 1947 3942 861

322 3990 428 4056 νόστοι
455 3991 486 4056 δ’
515 3991 554 4056 ἐκ
570 3991 721 4075 πολέμων
742 3988 885 4067 ἀπόνους
910 3988 1154 4067 ἀπαθεῖς-εὖ
1179 3991 1383 4076 πράσσοντας
1410 3989 1492 4074 ἀγον
1514 3993 1547 4068 ἐς
1568 3995 1674 4068 οἴκους
1694 3994 1890 4079 praepbsitio
1909 3994 1950 4071 ,ἐς

310 4109 460 4174 eandem
479 4109 578 4174 habet
599 4110 764 4196 originem.
1072 4189 1079 4212 Ι

476 4229 543 4294 Vix
563 4227 644 4294 ullus
660 4251 757 4316 quum
773 4229 812 4294 sit
832 4231 867 4294 in
881 4228 1034 4318 Aeschyli
1048 4228 1165 4296 tubulis
1179 4230 1267 4296 loeus
1291 4230 1331 4296 de
1349 4253 1414 4318 quo
1433 4231 1576 4296 virorum
1591 4229 1759 4298 doctorum
1771 4230 1949 4296 sententiae

320 4349 425 4438 magis
447 4349 531 4416 iuter
553 4335 591 4414 se*
610 4347 852 4434 discrepuerint,
874 4365 970 4436 quam
992 4348 1032 4413 de
1055 4346 1186 4436 Septem
1207 4349 1335 4415 fabulae
1356 4350 1490 4438 paredo,
1509 4351 1606 4416 etiam
1632 4349 1673 4415 de
1695 4348 1949 4436 interpolationis

322 4465 445 4532 ambitu
468 4467 547 4532 alios
569 4465 632 4532 alia
654 4469 802 4533 statuisse
832 4477 1080 4534 consentaneum
1107 4478 1164 4553 est,
1196 4478 1291 4555 prout
1323 4469 1375 4534 vel
1401 4471 1435 4534 in
1463 4491 1594 4534 severas
1616 4467 1795 4556 strophicae
1819 4491 1949 4556 respon-

323 4587 421 4652 sionis
442 4585 531 4674 leges
552 4585 764 4673 redigendum
787 4609 858 4653 esse
879 4586 1114 4654 arbitrarentur
1135 4591 1264 4653 carmen
1285 4587 1502 4656 difficillimum
1531 4588 1585 4655 vel
1610 4587 1777 4662 liberiores
1798 4612 1948 4656 numeros
