4148 5618
905 471 1115 546 ..16-

165 705 448 772 ’101101111οΜ010
478 705 635 792 adoperta
661 714 766 791 caput
809 703 916 790 (Eleg.
938 703 961 789 l,
984 707 1013 790 1,
1035 728 1065 772 v.
1090 705 1156 790 id.)
1200 700 1297 783 Quod
1323 698 1375 766 ille
1404 699 1445 766 de
1467 699 1573 766 Morte
1601 699 1697 782 dixit,
1726 698 1822 763 ctiam
1851 760 1855 769 ,

197 825 240 891 ad
261 835 404 891 mortuos
424 823 599 889 transferre
621 822 748 888 licuisse
769 822 951 908 arbitror.*)
1008 897 1011 906 κ
1538 845 1540 852 ,

347 1064 380 1144 ²³)
402 1063 474 1127 Hac
495 1061 657 1128 scribendi
679 1063 916 1149 opportunitate
939 1061 1016 1128 data
1036 1063 1131 1127 liceat
1152 1062 1229 1127 mihi
1250 1063 1289 1126 iis
1312 1083 1395 1148 quae
1417 1064 1450 1126 iu
1465 1045 1640 1126 Muetzellii
1654 1058 1822 1125 annalibus

282 1185 301 1248 1
317 1207 344 1250 c.
360 1192 590 1249 commentatus
611 1204 681 1246 sum
695 1179 847 1245 nonnulla
861 1179 991 1246 addere.
1035 1182 1210 1269 Postquam
1230 1183 1264 1245 in
1280 1181 1369 1267 Sept.
1390 1203 1422 1247 v.
1437 1181 1500 1246 353
1523 1181 1738 1266 conjecturam
1752 1199 1823 1264 pro·

282 1304 375 1389 posui
389 1300 513 1388 σπονδὴ
535 1300 572 1365 δὲ
587 1307 641 1365 καὶ
654 1300 745 1370 τοῦδ’,
760 1298 817 1365 οὐκ
832 1299 917 1381 ἄγαν
936 1301 995 1378 ἵζει
1008 1301 1101 1368 πόδα
1123 1323 1181 1388 pro
1197 1323 1234 1365 eo
1251 1301 1337 1386 quod
1350 1299 1425 1364 libri
1439 1299 1560 1364 habent
1574 1296 1631 1364 οὐκ
1645 1296 1820 1382 ἆπαραζετ,

284 1421 422 1487 eundem
454 1420 558 1486 locum
591 1419 765 1484 aPrieuio
797 1419 844 1502 (in
872 1417 1007 1506 symbol.
1036 1421 1105 1486 crit
1132 1419 1175 1485 ed
1204 1419 1293 1506 Sept.
1325 1418 1390 1485 fab.
1420 1418 1570 1484 Lubecae
1598 1417 1693 1482 editis
1725 1417 1822 1497 1856)

284 1549 456 1607 tractatum
477 1561 548 1604 esse
561 1538 639 1605 vidi.
671 1539 771 1603 Recte
792 1537 844 1602 ille
868 1547 979 1602 contra
992 1536 1682 1627 Ηο11110111110011]0011110111ἀπαργίζ1111000
1702 1528 1825 1600 monuit

285 1680 388 1746 neque
410 1657 883 1745 01]·001111111101ργός11110110111
906 1657 947 1722 de
967 1658 1085 1744 pedum
1107 1660 1234 1724 incessu
1249 1669 1438 1745 usurpatum
1460 1679 1531 1722 esse
1544 1677 1651 1743 neque
1665 1658 1827 1722 uodonem

286 1801 368 1866 quae
390 1779 474 1842 inest
492 1776 537 1842 illi
558 1777 718 1865 adjectivo
739 1786 847 1863 aptam
868 1797 940 1840 esse
961 1775 1036 1841 huic
1057 1777 1136 1862 leco,
1159 1779 1310 1864 quoniam
1326 1777 1530 1843 statuendum
1551 1787 1636 1842 esset
1657 1797 1778 1862 regem,
1801 1777 1828 1839 si

284 1921 349 1964 non
369 1897 546 1979 festinaret,
569 1897 659 1982 segni
681 1896 809 1960 incessu
831 1895 1043 1962 adventurum
1065 1897 1173 1963 fuisse.
1215 1898 1432 1983 Hartungium
1454 1919 1540 1960 nunc
1562 1895 1658 1961 video
1682 1893 1827 1960 codicum

285 2017 453 2082 lectionem
467 2036 598 2103 prorsus
619 2015 761 2100 ineptam
776 2015 945 2102 judicasse,
960 2015 1123 2082 Prienium
1144 2016 1187 2081 ad
1209 2039 1280 2081 eam
1295 2016 1532 2082 defendendam
1548 2015 1703 2101 Hesychii
1721 2023 1828 2079 aucto-

285 2139 379 2204 ritate
394 2157 487 2200 usum
502 2157 583 2218 esse,
597 2134 685 2220 apud
706 2157 801 2222 quem
823 2133 884 2198 hoc
897 2133 1089 2200 vocabulum
1104 2144 1219 2217 exstat,
1241 2136 1348 2200 nescio
1371 2157 1435 2223 quc
1458 2129 1501 2200 eir
1517 2136 1672 2221 scriptore
1688 2133 1827 2217 allatum,

164 2342 168 2350 Ι
286 2269 319 2322 01
351 2254 521 2320 contulisse
542 2253 702 2318 aElectrae
733 2275 862 2318 versum
889 2255 946 2320 871
985 2252 1042 2340 ὑφ’
1068 2252 1234 2341 ἦδονῆςτοο
1267 2254 1402 2341 φιλτάτη
1428 2255 1595 2345 decerpet,
1625 2252 1660 2318 τὸ
1688 2251 1822 2336 acepta

285 2381 425 2462 μεθεῖσα
448 2372 506 2438 σὺν
526 2349 614 2455 veiga
632 2372 755 2458 μολεῖν.
809 2372 876 2437 Sed
897 2373 984 2460 quod
1010 2375 1043 2438 in
1067 2373 1343 2460 Chrysothemidis
1364 2383 1515 2440 naturam
1534 2373 1629 2456 eadit,
1651 2373 1747 2460 ‘cujus
1774 2372 1830 2435 im-

286 2493 491 2560 becillitatem
517 2503 549 2557 et
575 2490 819 2557 sollicitudinem
844 2491 1033 2558 muliebrem
1060 2491 1235 2578 Sophocles
1263 2494 1346 2558 vivis
1373 2492 1532 2558 coloribus
1561 2465 1722 2578 depinxit,
1753 2511 1830 2554 num

287 2614 372 2679 idem
388 2613 538 2678 convenit
550 2609 690 2676 Eteoclis
706 2631 874 2697 personae,
890 2632 985 2700 quem
1001 2621 1126 2677 constat
1140 2611 1309 2696 tranquillo
1332 2621 1365 2676 et
1378 2611 1470 2677 firmo
1485 2613 1591 2677 animo
1611 2611 1643 2674 in
1659 2609 1720 2674 hac
1735 2629 1831 2674 scena

287 2733 411 2797 versari
433 2731 657 2817 virginumque
679 2728 811 2795 chorum
832 2729 876 2795 ad
898 2730 1027 2795 easdem
1049 2732 1184 2795 virtutes
1205 2730 1350 2796 hortari?
1394 2730 1627 2816 lnAg.versu
1651 2728 1830 2797 1109101-
1933 2804 1934 2807 ρ

287 2850 430 2916 bendum
445 2851 597 2936 proposui
611 2854 717 2934 μένεις
732 2847 790 2936 'qro
808 2851 909 2933 μόνος
924 2847 1134 2936 caussamque
1150 2849 1349 2937 corruptelae
1364 2848 1513 2915 lacunam
1527 2851 1625 2915 fuisse
1640 2850 1718 2930 dixi,
1735 2857 1831 2936 quam

291 2969 422 3056 explere
444 2979 576 3033 conatus
599 2991 678 3033 011111.
721 2966 826 3033 Video
841 2991 926 3034 nunc
942 2947 1209 3034 Scheideviinium
1231 2990 1344 3033 versus
1369 2969 1535 3034 1594-96
1559 2963 1686 3050 (ydros)
1701 2967 1739 3032 σὺ
1761 2967 1832 3043 τοὺς

287 3088 421 3173 ἥκοντας
441 3086 476 3150 ἐκ
497 3087 601 3171 μάχης
621 3091 695 3152 νέον
716 3087 861 3169 οἰκουρὸς
882 3085 976 3173 εὐνὴν
997 3087 1117 3172 ἀνδρὸς
1138 3087 1318 3173 010101νοοᾶ
1340 3081 1410 3172 ἅμα
1436 3086 1532 3170 ἀνδρὶ
1553 3092 1715 3176 στρατηγῷ
1741 3087 1828 3153 τόνδ’

290 3206 481 3291 testaceos
501 3205 633 3290 μόρονς)
656 3207 702 3270 110
724 3208 904 3272 correxisse
926 3216 961 3272 ut
983 3207 1114 3272 chorum
1141 3207 1190 3272 his
1211 3207 1320 3272 verbis
1347 3229 1411 3272 non
1438 3206 1726 3294 Clytaemnestram
1748 3229 1832 3272 com·

290 3325 560 3412 pcllarc'putaret,
581 3323 639 3390 sed
654 3323 853 3412 Aegisthum.
890 3323 957 3390 Sed
970 3325 1025 3390 illa
1039 3347 1136 3415 quam
1150 3327 1302 3413 proposui
1318 3328 1501 3414 conjectura
1515 3335 1646 3412 recepta
1659 3324 1692 3400 hi
1707 3347 1832 3410 versus,
1911 3307 1919 3324 ⁹

295 3433 406 3530 quales
428 3452 502 3508 sunt
528 3445 562 3507 111
583 3442 683 3529 libris,
704 3465 770 3510 non
791 3454 973 3530 repugnant
992 3446 1103 3510 versui
1126 3445 1223 3530 15813
1246 3445 1334 3533 quod
1355 3455 1462 3513 autem
1484 3444 1572 3512 chori
1594 3443 1741 3510 versibus
1768 3465 1833 3509 non

297 3560 556 3647 Clytaemnestra
569 3561 752 3649 respondet,
775 3561 833 3626 sed
847 3560 1031 3649 Aegisthus,
1052 3585 1118 3630 nou
1139 3566 1220 3632 tanti
1241 3545 1318 3630 1111111
1339 3585 1411 3630 0000
1424 3563 1561 3647 videtur,
1583 3574 1618 3628 ut
1639 3586 1659 3628 a
1679 3563 1833 3631 librorum

290 3681 448 3767 scriptura
469 3679 700 3776 discedendum
723 3683 772 3748 sit
811 3680 972 3768 Ceterum,
988 3681 1114 3747 etiamsi
1127 3704 1241 3748 versus
1265 3683 1432 3752 1:594--96
1454 3703 1518 3748 nou
1540 3682 1603 3748 sint
1625 3683 1704 3765 sani,
1725 3692 1834 3748 tamen

221 3831 225 3838 ·
291 3801 391 3886 μόνος
412 3809 545 3888 propter
567 3822 621 3865 eas
644 3823 724 3887 quas
746 3800 837 3866 attuli
859 3819 989 3866 caussas
1012 3812 1195 3889 corruptum
1217 3823 1289 3867 esse
1311 3803 1408 3870 etiam
1429 3824 1515 3866 nunc
1529 3799 1653 3888 judico.

360 3917 445 3986 rum
473 3939 572 4005 quum
599 3921 722 4008 conjeci
749 3921 784 3988 in
811 3919 927 4006 Agam.
954 3941 1051 3990 versu
1077 3921 1141 3986 929
1167 3921 1314 4006 ἐπαρκεῖ,
1342 3943 1449 4009 neque
1477 3918 1707 3990 Seheidewinii
1729 3940 1834 4005 neque

217 4107 221 4116 ,
292 4037 459 4104 Karstenii
486 4036 642 4106 editiones
669 4040 875 4104 innotuerant
900 4060 1006 4126 neque
1034 4039 1152 4125 Ignatii
1180 4039 1370 4106 Schwerdtii
1402 4041 1607 4130 quaestiones
1635 4037 1834 4124 Aeschyleae

294 4158 424 4226 criticae
439 4156 642 4240 (Monasterii
658 4157 764 4239 tete).
799 4156 1093 4226 ‘Schneidewinium
1112 4158 1309 4229 1111110τὶ1100
1324 4161 1539 4246 conjecturam
1553 4177 1748 4224 memorasse
1771 4177 1835 4226 uon

292 4275 389 4344 allato
405 4276 544 4342 auctoris
558 4277 697 4360 nomine,
711 4277 919 4345 Karstenium
941 4287 973 4342 et
987 4275 1221 4342 Schwerdtium
1235 4275 1478 4344 violentioribus
1492 4275 1644 4343 remediis
1656 4297 1732 4342 11000
1754 4296 1835 4343 esse.

294 4394 447 4462 Ceterum
469 4395 598 4462 doctum
619 4396 844 4486 quaestionum
857 4394 1110 4484 Aeschylearurn
1132 4397 1319 4486 scriptorem
1341 4417 1380 4462 eo
1401 4397 1505 4482 magis
1526 4394 1604 4464 mibi
1625 4394 1836 4460 adsensurum

295 4535 366 4580 esse
383 4511 520 4598 confido,
535 4514 624 4602 quod
640 4514 1319 4605 00101010101010110110(110011101οω1
1330 4534 1459 4580 versun
1475 4513 1548 4598 650,
1564 4523 1599 4578 ut
1611 4513 1689 4578 mihi
1707 4513 1836 4600 quidem

292 4631 432 4716 videtur,
458 4634 596 4718 sanavit,
616 4655 716 4726 quum
735 4634 892 4705 scriberet
904 4634 991 4723 γονή
1012 4637 1042 4718 γ’
1064 4632 1253 4720 domasse,
1275 4634 1384 4722 ἄνδρα
1409 4633 1441 4702 δ’
1461 4631 1712 4718 εὐπρεπέστερον
1733 4631 1836 4716 (libris
