4148 5618
937 487 1147 567 ...12-

228 725 300 801 epte
328 717 492 798 iterentur,
517 715 603 801 quod
633 715 809 802 siquando
837 717 956 784 factum
984 729 1033 784 est
1059 720 1102 786 ab
1128 717 1308 804 Aeschylo,
1334 739 1399 782 non
1427 719 1495 782 tine
1513 725 1638 804 'caussa
1665 728 1794 804 poetam
1820 717 1855 782 id

226 835 392 899 affectasse
424 813 500 920 puto
534 835 622 920 quod
653 837 842 922 perstringit
873 848 970 923 poeta
1002 841 1141 906 comicus
1175 839 1222 906 his
1249 835 1374 902 verbis:
1408 844 1472 921 τρὶς
1506 835 1621 902 τοῦτον
1657 835 1732 922 ἡμῖν
1767 841 1855 902 εἶπεν
1898 829 1903 838 ’
1956 877 1970 906 ι

227 951 359 1046 όσοφός
379 953 569 1041 Λίσχνζίοςε
612 954 725 1042 ltaque
746 948 906 1022 nonnullis
927 956 1005 1022 locis
1032 953 1194 1022 molestae
1211 955 1385 1020 verborum
1410 955 1497 1020 idem
1524 955 1574 1020 bis
1603 956 1776 1022 dicentium
1803 979 1854 1044 cu-

181 1055 205 1096 ‘⁴
225 1072 415 1138 mulationes
430 1071 483 1136 vel
492 1073 655 1138 mutandis
670 1072 779 1138 verbis
794 1074 845 1140 vel
860 1076 1025 1162 ejiciendis
1041 1089 1113 1144 suut
1123 1075 1294 1142 tollendae.
1328 1073 1448 1140 Ordior
1463 1073 1505 1140 ab
1517 1075 1769 1161 Agamemnonis
1784 1074 1853 1142 loco

224 1215 255 1257 v.
276 1193 391 1274 4-7,
414 1191 468 1268 ubi
489 1191 571 1256 baec
593 1190 670 1256 dicit
692 1204 815 1257 custos:
1918 1181 1920 1193 ¹

633 1311 757 1396 ἄστρων
778 1312 912 1378 κάτοιδα
934 1318 1091 1398 νυκτέρων
1113 1309 1268 1397 όμήμοριν

633 1437 687 1493 καὶ
708 1428 779 1505 τοὺς
800 1435 960 1516 φέροντας
980 1443 1075 1515 χεῖμα
1097 1438 1151 1495 καὶ
1172 1435 1273 1514 θέρος
1293 1435 1418 1514 βροτοῖς

632 1548 800 1632 λαμπροὺς
822 1549 981 1625 δυνάστας
1001 1550 1225 1634 ἐμπρέποντας
1246 1551 1360 1633 αίθέρι

631 1665 775 1750 ἀστέρας,
800 1667 876 1733 ὅταν
897 1673 1072 1754 φθίνωσιν,
1096 1667 1233 1743 ἀντολάς
1255 1693 1287 1732 τε
1309 1673 1379 1734 τῶν.

376 1785 493 1868 Totum
515 1807 644 1850 versum
665 1786 809 1852 ndtimum
831 1789 886 1874 qui
908 1797 1062 1874 tanquam
1084 1788 1226 1874 spurium
1249 1787 1421 1854 delendum
1441 1797 1642 1871 censuerunt,
1660 1789 1793 1852 nimium
1808 1789 1852 1852 le·

226 1913 345 1968 cerunt.
391 1903 543 1969 Custodis
566 1907 650 1970 enim
672 1905 898 1992 loquacitatem
919 1929 984 1970 non
1006 1905 1143 1970 dedecet
1163 1927 1277 1972 versus
1299 1928 1358 1992 per
1380 1927 1415 1970 se
1436 1929 1501 1970 non
1516 1909 1733 1991 necessarium
1755 1909 1851 1972 inter-

223 2021 401 2109 polatorem
422 2025 579 2088 autemsi
606 2046 735 2089 versum
756 2024 877 2090 addere
899 2024 1068 2109 voluisset,
1095 2046 1161 2090 non
1187 2035 1253 2090 tam
1279 2026 1469 2090 inconcinne
1498 2047 1571 2088 eum
1598 2001 1862 2110 compositurum*

222 2141 320 2206 fuisse
344 2141 605 2209 Schneidewinus
628 2145 706 2208 scite
722 2141 916 2210 observavit.
960 2134 1047 2224 Quid
1061 2145 1163 2208 vero?
1179 2143 1313 2228 ἀστέρας
1335 2153 1367 2208 et
1381 2144 1482 2229 ἄστρα
1498 2142 1623 2208 duobus
1638 2143 1787 2208 versibus
1804 2144 1850 2208 in-

222 2261 361 2346 terjectis
383 2263 573 2347 repetivisse
595 2261 769 2345 custodem,
796 2271 833 2326 ut
858 2262 945 2326 idem
971 2241 1029 2328 bis'
1052 2263 1187 2346 diceret,
1214 2285 1290 2328 num
1316 2261 1470 2328 credibile
1493 2264 1563 2326 est?
1607 2262 1743 2326 Accedit
1765 2261 1851 2348 quod

151 2412 153 2416 ·
222 2377 358 2464 ἀστέρες,
383 2382 507 2466 quoties
530 2380 769 2467 distinguuntur
790 2379 832 2446 ab
850 2381 986 2466 ἄστροις,
1008 2403 1073 2446 non
1096 2392 1170 2446 sunt
1191 2381 1308 2465 sidera,
1330 2403 1413 2466 quae
1435 2381 1565 2466 quidem
1586 2382 1673 2445 notio
1698 2381 1758 2444 hoc
1781 2381 1849 2446 loeo
1936 2389 1939 2397 ⁴

223 2493 422 2562 desideratur
429 2549 437 2582 ,
466 2499 523 2563 sed
551 2499 660 2565 stellae
688 2499 858 2566 solitariae.
915 2501 1029 2586 Itaque
1055 2499 1247 2566 vocabulum
1270 2497 1404 2583 ἀστέρας
1433 2522 1480 2563 ex.
1501 2500 1766 2585 interpretatione
1795 2497 1848 2562 ad-

222 2618 341 2703 scripta
363 2627 466 2680 ortum
489 2640 560 2680 esse
581 2617 773 2703 Karstenips
795 2629 881 2684 recte
898 2619 1066 2706 judicavit.
1110 2619 1255 2685 Verbum
1276 2623 1410 2704 φθίνειν
1432 2619 1478 2681 sic
1496 2617 1581 2682 nude
1596 2619 1735 2704 positum
1751 2641 1849 2704 quum

220 2758 285 2799 non
307 2738 375 2800 sine
398 2736 574 2800 offensione
597 2737 647 2821 sit,
668 2736 805 2804 Weilius
828 2739 964 2824 conjecit
983 2739 1116 2822 όοςμαίς
1135 2737 1213 2804 ὅταν
1227 2741 1402 2823 φθίνωσιν,
1426 2735 1603 2800 Abrensius
1629 2735 1660 2820 (l.
1677 2759 1703 2800 c.
1720 2758 1752 2821 p.
1768 2735 1845 2817 227)

221 2852 311 2935 ᾆστοί
332 2857 362 2917 τ’
385 2853 462 2919 όταν
483 2859 655 2940 φθίνωσιν.
701 2855 792 2920 Idem
815 2858 1019 2924 statuendum
1042 2879 1113 2922 esse
1135 2865 1213 2942 puto
1235 2855 1277 2920 de
1299 2856 1434 2922 Eumen.
1457 2877 1553 2920 versu
1577 2857 1626 2938 72,
1649 2855 1705 2918 ubi
1727 2855 1846 2918 Furiae

220 2983 375 3042 vocantur
396 2985 509 3056 γραῖαι
529 2974 809 3050 παίαιαίιταΐόες.
849 2976 1002 3042 Dubitari
1016 2983 1132 3062 potest,
1148 2985 1255 3040 utrum
1269 2973 1460 3040 vocabulum
1476 2975 1517 3038 sit
1531 2973 1727 3038 mutandum.
1764 2973 1847 3038 Her-

219 3115 370 3160 maanum
391 3093 486 3158 video
509 3094 674 3180 scripsisse
695 3092 815 3170 Νυκτός
835 3095 976 3162 παλαιαὶ
996 3095 1122 3170 παῖδες,
1150 3108 1248 3180 quum
1268 3093 1409 3160 παλαιαί
1430 3092 1530 3158 altero
1558 3091 1716 3158 vocabulo
1745 3091 1845 3177 expli-

220 3223 325 3278 catum
347 3233 417 3276 esse
433 3211 605 3298 judicaret.
651 3211 747 3292 Quod
764 3212 978 3283 doctissimus
1002 3213 1055 3278 ille
1082 3213 1187 3278 editor
1209 3212 1376 3280 Gothanus
1405 3211 1520 3294 edidit,
1548 3210 1661 3277 collato
1690 3209 1846 3296 Hesychii

219 3330 367 3398 lemmate
388 3333 508 3415 Γραίας
529 3331 669 3396 παλαιαί
690 3331 815 3410 παῖδες,
836 3331 911 3398 ideo
932 3333 1010 3398 mihi
1031 3355 1096 3398 non
1118 3331 1273 3418 probatur
1289 3330 1377 3418 quod
1400 3328 1485 3416 apud
1500 3328 1696 3415 Aeschylum
1715 3328 1846 3414 quidem

218 3451 337 3517 Furiae
358 3471 485 3536 semper
506 3449 616 3514 Noctis
639 3460 713 3518 sunt
733 3449 828 3516 filiae.

370 3567 483 3654 Neque
498 3591 596 3634 versu
610 3570 673 3636 299
696 3591 752 3634 eur
766 3569 947 3634 Hermanni
965 3571 1123 3636 sententia
1137 3593 1202 3637 aon
1219 3572 1259 3634 sit
1274 3567 1550 3657 acquiescendum,
1561 3569 1682 3655 justam
1697 3587 1844 3632 caussam
1874 3635 1881 3654 ,
1967 3633 1970 3638 ,

219 3685 325 3752 video.
361 3686 479 3752 Furiae
503 3685 639 3756 Orestae
661 3687 742 3754 haec
762 3689 937 3754 minantur:

626 3806 713 3872 οὔτοι
734 3809 768 3872 σ’
795 3805 972 3873 Ἀπόλλων
993 3806 1062 3872 οὐδ’
1091 3803 1260 3892 Ἀθηνάας
1282 3810 1400 3882 σθένος

567 3927 572 3934 ’
627 3924 751 4012 ῥύσαιτ’
773 3927 815 3990 ἀν
836 3924 895 4000 (dra
915 3923 958 4010 μὴ
982 3923 1020 3993 οὗ
1041 3926 1309 4010 παρημείιημένον

625 4043 737 4132 ἔρρειν,
760 4043 794 4108 τό
815 4048 939 4129 χαίρειν
959 4041 1002 4128 με)
1024 4044 1168 4128 μαθόντ’
1191 4043 1275 4108 dnae
1296 4047 1433 4130 φρενῶν,

625 4161 804 4247 ἀναίματον
824 4163 979 4248 βόσκημα,
1002 4163 1167 4247 δαιμόνων
1189 4163 1271 4227 σκιά.

369 4281 570 4370 Postremum
591 4263 785 4350 vocabulum
800 4304 897 4368 quum
911 4281 1027 4346 misere
1047 4279 1209 4366 langueat,
1234 4281 1439 4348 Hermannus
1455 4303 1493 4346 eo
1508 4282 1612 4368 ,ejecto
1628 4279 1730 4344 edidit
1744 4280 1860 4344 τῶνδε.

138 4417 140 4422 ’
218 4400 391 4483 δαιμόνων.
435 4400 651 4468 Eumenidum
671 4423 768 4468 versu
795 4401 859 4466 679
885 4400 1173 4486 interpretamenta
1198 4422 1312 4466 versus
1332 4401 1467 4468 formam
1489 4399 1662 4466 induerunt
1685 4397 1842 4484 (similitor

115 4519 120 4532 ‘
218 4528 253 4583 ut
279 4541 375 4584 versu
404 4519 465 4584 789
493 4520 533 4584 de
556 4542 619 4606 quo
642 4542 739 4606 supra
761 4517 933 4603 diximus),
956 4518 1091 4604 legimus
1114 4521 1217 4584 enim:

621 4635 712 4722 ὑμεῖς
734 4638 772 4704 δέ
785 4663 834 4706 τοι
853 4641 893 4725 γῇ
914 4637 987 4725 cpida
1007 4636 1052 4724 μὴ
1073 4633 1290 4722 ddcdccdccc
