4148 5618
1048 455 1251 528 ...o-

347 687 407 753 tiri
440 687 591 768 νεδαιμος
620 687 886 778 interpretatione
920 692 992 750 orta
1023 705 1094 750 esse
1118 685 1212 764 ridie
1273 682 1469 752 Emendavit
1495 682 1600 752 locum
1631 685 1779 755 Prienius
1807 687 1841 752 in
1868 707 1978 756 museo

347 806 503 872 Rhenano
527 805 610 872 1848
631 805 692 870 aa:

753 921 807 986 ἐπὶ
820 920 890 998 τόν,ι
906 920 942 997 ιδ,
965 915 1114 1004 διόμεναι
1126 920 1280 1008 κρατερδν
1292 921 1361 990 ὅντ’
1384 919 1469 1006 ὅμως

751 1042 937 1144 μουροῧμεν
957 1039 1112 1123 νεόαιμον
1530 1041 1533 1051 “

500 1161 538 1224 In
560 1160 599 1224 iis
622 1179 705 1245 quae
720 1167 895 1244 sequuntur
917 1158 1120 1243 σπευδομένα
1142 1160 1173 1224 δ’
1195 1157 1330 1246 ἄφελενν
1350 1181 1421 1260 τινα
1441 1159 1535 1234 αίςδε
1557 1164 1720 1249 μερίμνας,
1742 1165 1833 1230 θεῶν
1855 1163 1885 1228 δ’
1902 1160 1976 1230 ἀτί-

265 1365 267 1370 .
347 1280 438 1344 λειαν
449 1279 557 1362 ἐμαῖσι
567 1278 669 1352 λιταῖς
681 1277 876 1360 ἐπικραίνειν
886 1300 963 1342 num
976 1281 1067 1343 θεῶν
1076 1279 1259 1366 pronomini
1273 1251 1557 1364 md'adsoriptum
1571 1277 1676 1362 fuerit,
1691 1301 1757 1345 non
1767 1279 1882 1368 liquet;
1899 1304 1978 1346 non-

297 1377 307 1396 ⁹
338 1397 425 1462 dum
447 1399 531 1462 enim
559 1397 722 1461 exstitisse
748 1397 802 1482 qui
824 1395 929 1460 locum
958 1417 1031 1462 eum
1058 1397 1255 1481 emendaret,
1278 1417 1466 1483 persuasum
1488 1395 1566 1464 mihi
1587 1395 1703 1463 habeo.
1761 1397 1977 1465 Eumenidum
2009 1439 2010 1466 ι

347 1538 460 1582 uersus
483 1519 545 1583 679
568 1514 619 1580 ἀεὶ
646 1515 677 1579 δ’
699 1514 822 1587 ἑκάςαν
843 1517 932 1580 τοῦτο
950 1515 1179 1601 ,βουλευτήριον
1200 1514 1361 1603 quomodo
1384 1523 1471 1580 ortus
1500 1516 1554 1597 sit,
1569 1514 1713 1580 ‘Weilius
1736 1517 1784 1599 (in
1806 1516 1976 1604 Agamem-

347 1638 440 1702 nonis
461 1635 662 1722 praefatione
683 1656 757 1721 pag.
779 1631 866 1713 VH.)
891 1632 1008 1698 docuit.
1053 1633 1160 1714 Quum
1183 1634 1267 1698 enim
1288 1633 1397 1698 versui
1418 1633 1478 1719 qui
1494 1631 1611 1720 legitur
1632 1635 1666 1698 in
1693 1633 1784 1702 libris
1812 1639 1976 1722 postser-

348 1733 417 1819 sum
439 1755 502 1819 674
523 1753 645 1838 κερδῶν
666 1753 803 1818 ἄθικτον
823 1754 912 1816 τοῦτο
933 1751 1158 1869 βουλευτήριον
1173 1752 1372 1838 adscriptum
1386 1751 1499 1818 fuisset
1520 1749 1690 1830 ἀδέκαςον,
1712 1753 1916 1821 librariorum
1929 1757 1977 1820 in-

306 1956 309 1964 .
348 1876 437 1940 ouria
465 1885 498 1938 et
527 1873 645 1960 stupidi
674 1871 863 1938 correctoris
886 1869 1053 1956 diligentia
1079 1866 1107 1934 is
1129 1871 1186 1958 qui
1207 1893 1293 1936 nuno
1320 1879 1427 1936 exstat
1451 1891 1564 1939 versus
1593 1871 1715 1938 effictus
1742 1882 1800 1937 est
1852 1872 1976 1954 Quodsi

347 1992 499 2058 Weilium
521 1993 622 2058 secuti
643 1992 728 2058 huno
755 2009 885 2055 versum
910 1999 984 2075 post
1004 2013 1036 2054 v.
1059 1989 1348 2074 678001100amus,
1376 1990 1485 2055 omnia
1512 1990 1547 2054 in
1567 1989 1734 2056 Mineruae
1757 1991 1905 2057 oratione
1922 2013 1976 2078 op-

304 2097 307 2102 ’
347 2113 422 2174 time
444 2109 638 2196 procedunt:
750 2108 871 2175 κλύοιτ’
893 2111 936 2174 ἄν
957 2108 1019 2194 ἤδη
1041 2109 1177 2194 θεσμόν,
1206 2107 1343 2186 Ἀττικδς
1364 2109 1453 2186 λεώς,

419 2283 443 2320 ·
752 2229 880 2312 πρώτας
902 2227 993 2304 δίκας
1013 2233 1171 2310 κρίνοντες
1193 2236 1328 2311 αἵματος
1348 2231 1453 2310 χυτοῦ,

754 2346 815 2420 ἔςω
837 2347 949 2411 δὲκαὶ
970 2346 1004 2412 τδ
1026 2347 1143 2428 λοιπδν
1157 2350 1283 2429 Αἰγέας
1305 2351 1426 2434 στρατῷ

754 2466 876 2549 κερδῶν
898 2466 1036 2532 ἄθικτον
1057 2470 1145 2534 τοῦτο
1168 2467 1402 2552 βουλευτήριον·

751 2585 888 2662 αἰδοῖον,
912 2584 1088 2668 ὀξύθυμον,
1111 2580 1272 2651 εδδόντων
1293 2583 1373 2669 ὕπερ

752 2701 925 2789 ἐγρηγορὸς
945 2704 1120 2788 φρούρημα
1145 2704 1439 2788 γῆςκαθεστάταμ

346 2817 437 2898 Quae
460 2831 637 2908 sequuntur
659 2821 818 2909 quomodo
842 2821 1046 2888 emendanda
1067 2843 1138 2886 esse
1160 2831 1279 2907 putem,
1303 2843 1401 2908 supra
1423 2822 1569 2907 exposui.

493 2939 567 3004 Non
589 2939 671 3026 bene
699 2951 922 3018 successerunt
942 2941 1177 3026 interpretandi
1199 2951 1333 3006 conatus
1355 2941 1389 3005 in
1410 2939 1661 3028 Agamemnonis
1682 2961 1713 3004 v·
1735 2940 1796 3006 90:

751 3055 881 3126 πάντων
902 3059 940 3124 δὲ
960 3062 1050 3124 θεῶν
1071 3063 1132 3126 τῶν
1153 3057 1341 3143 ἀστυνόμων

751 3176 892 3254 ὑπάτων,
914 3182 1061 3262 χθονίαν

752 3301 813 3362 τῶν
835 3300 864 3360 τ’
888 3295 1049 3391 οὐρανίων
1068 3301 1131 3361 τοῖν
1145 3299 1176 3360 τ’
1198 3294 1363 3382 ἀγοραίων

750 3422 855 3500 βωμοὶ
875 3415 1008 3498 δώροισι
1030 3414 1212 3500 φλέγονται.
1259 3484 1262 3494 ,

500 3534 590 3598 Deos
608 3536 668 3620 vqui
690 3535 724 3598 in
745 3535 835 3600 coelo
859 3534 980 3621 degunt
1001 3556 1067 3598 non
1089 3533 1235 3600 diversos
1263 3555 1334 3597 esse
1362 3531 1404 3597 ab
1430 3531 1470 3596 iis
1493 3531 1547 3618 qui
1574 3529 1737 3622 hominum
1758 3527 1895 3612 negotiis
1919 3525 1973 3589 ad·

346 3663 420 3718 sunt
433 3652 569 3718 Weilius
591 3652 682 3718 vidit
726 3653 860 3718 Addere
874 3659 1004 3740 poterat
1024 3652 1129 3737 ipsum
1143 3651 1166 3718 J
1168 3673 1262 3718 ovem
1276 3652 1331 3737 qui
1351 3657 1486 3717 vocatur
1509 3649 1672 3731 ἐναλδέρι
1686 3651 1787 3712 ναίων
1809 3647 1842 3709 in
1857 3644 1973 3708 Eume-

344 3772 454 3838 nidum
476 3797 506 3838 ν.
530 3773 593 3838 958
615 3772 772 3860 appellari
793 3770 979 3855 ἀγοραῖον..
1005 3771 1119 3858 Itaque
1140 3772 1254 3836 merito
1276 3791 1390 3835 vooem
1412 3766 1572 3853 οὐρανίων
1599 3766 1662 3832 alia
1688 3763 1877 3831 mutandam
1902 3785 1973 3828 esse

346 3893 478 3978 sensuit,
500 3892 559 3962 sed
582 3891 668 3978 quod
690 3889 898 3958 seribendum
921 3912 993 3956 esse
1013 3891 1160 3978 conjecit,
1180 3895 1242 3955 uuir
1263 3892 1294 3954 τ’
1317 3887 1517 3973 ἀγρονόμων,
1540 3908 1579 3952 eo
1600 3906 1666 3950 non
1682 3886 1805 3971 justam
1821 3882 1903 3948 effioi
1918 3903 1972 3967 op-

344 4012 537 4096 positionem
556 3995 735 4078 Ahrensi'm
757 4009 944 4076 observavit
972 4010 1099 4094 (Philol.
1122 4008 1287 4096 Supplem.
1309 4009 1345 4093 1„
1366 4007 1475 4072 faeoie.
1496 4005 1550 4089 11.,
1571 4025 1645 4092 pag.
1667 4002 1760 4088 260),
1788 4004 1877 4090 eujus
1900 4023 1972 4066 oon·

339 4131 583 4216 jecturamuiv
603 4135 634 4195 τ’
657 4129 800 4216 ἄκραίοιν
820 4128 915 4213 unice
936 4128 1048 4216 probo.
1099 4127 1217 4204 Similis
1246 4137 1295 4193 est
1320 4125 1461 4192 conditio
1483 4133 1731 4212 anapaestorum
1755 4125 1817 4209 Ag.
1840 4145 1871 4186 v.
1893 4119 1971 4188 345:

750 4245 794 4324 εδς
814 4249 890 4334 μήτε
911 4253 1014 4332 μέγαν
1467 4240 1469 4246 ’

620 4446 621 4456 ¹
656 4448 660 4454 Ι
749 4367 825 4452 μήτ’
847 4363 906 4452 οὖν
926 4369 1051 4450 νεαρῶν
1076 4367 1132 4430 τιν’
1155 4361 1361 4448 ὑπερτελέσαι

747 4489 832 4569 μέγα
854 4484 1003 4561 δουλείας

749 4605 919 4688 γάγγαμον
944 4602 1021 4688 ἄτης
1041 4601 1234 4668 παναλώτου
