4148 5618
424 315 427 322 .
572 311 598 363 Ο
1165 333 1167 336 ,

1036 411 1089 428 ...
1118 373 1164 475 19
1190 409 1243 427 ...

326 603 381 670 vel
401 601 535 692 jubendi
555 605 609 672 vel
625 605 740 672 orandi
760 607 848 672 notio
871 607 902 670 ei
918 606 1063 696 subjecta
1084 617 1143 674 est.
1180 607 1295 694 Neque
1310 567 1549 692 megssieprobo,
1564 625 1647 693 quae
1661 605 1748 672 idem
1770 605 1821 670 vir
1844 603 1957 672 doctus

328 725 362 788 in
384 723 535 812 strophae
556 747 653 792 versu
676 727 744 792 t341
761 748 830 813 sqq.
852 723 980 790 molitus
1002 737 1060 793 est
1103 729 1142 794 ln
1163 727 1363 793 Famesiano
1385 733 1418 790 et
1441 723 1628 792 Florentino
1649 724 1799 813 legimusz

718 845 826 932 ··petsr
845 845 882 909 δὲ
898 850 1015 916 ,άκτειν
1035 844 1125 930 ὕβρις

735 971 796 1048 μὲν
815 962 944 1030 παλαιὰ
965 965 1146 1050 νέαζοοσαν
1167 965 1204 1030 όν
1224 975 1334 1040 κακοῖς
1353 962 1446 1048 ὕβριν

732 1085 800 1149 τότ’
820 1083 844 1168 ἤ
867 1084 933 1148 τότ’
956 1082 1034 1148 ὅταν
1054 1084 1089 1148 τό
1112 1086 1221 1166 κόριον
1242 1083 1324 1176 μολῃ
1345 1080 1449 1167 νεαροὶ
1470 1081 1578 1170 φάους

734 1203 828 1296 κότον
849 1200 992 1286 δαίμονά
1013 1227 1045 1266 τε
1065 1203 1120 1268 τόν
1141 1201 1270 1286 ἄμαχον
1291 1199 1457 1285 ἀπόλεμον

736 1320 865 1407 ἀνίερον
886 1321 1015 1405 θράσος
1035 1320 1190 1405 μελαίνας
1210 1320 1426 1405 μελάθροισιν
1447 1319 1526 1396 ἄτας
1547 1318 1649 1396 (Flor.
1671 1317 1867 1404 μελάθροις)
1938 1347 1945 1362 *¹
1967 1329 1970 1404 ᾗ

735 1442 908 1526 εἰδομέναν
928 1423 1078 1506 τοκεῦσιν.
1103 1439 1204 1523 (Flor.
1225 1439 1361 1528 τοκεῦσι)

328 1559 467 1625 Omnino
489 1561 528 1626 iis
546 1582 633 1648 ‘quae
654 1559 762 1626 adhue
781 1583 802 1625 a
822 1561 900 1625 viris
916 1559 1018 1624 dootis
1033 1567 1190 1646 temptata
1211 1567 1294 1643 sunt,
1315 1556 1420 1645 losum
1441 1578 1507 1622 non
1521 1556 1647 1626 levibus
1662 1558 1752 1624 illum
1769 1558 1974 1646 corruptelisi

329 1679 530 1745 laborantem
551 1690 700 1745 sanatum
720 1701 793 1744 esse
814 1678 892 1742 mihi
913 1700 1102 1765 persuasum
1128 1699 1193 1742 non
1218 1687 1276 1744 est.
1322 1676 1437 1764 Neque
1464 1677 1549 1743 enim
1570 1697 1681 1742 eorum
1703 1679 1863 1744 sententia
1884 1665 1976 1765 prb-³2

327 1797 445 1862 babilis
467 1811 516 1863 est
537 1801 593 1884 qui
620 1797 673 1863 vel
693 1797 886 1864 vocabulum
908 1799 1001 1863 κότον
1022 1795 1065 1862 ad
1084 1792 1364 1883 interpretandum
1384 1793 1577 1864 vocabulum
1598 1795 1741 1881 δαίμονα
1762 1773 1958 1884 adscriptum
1975 1799 1978 1866 ἶ

329 1917 427 1982 fuisse
443 1928 636 2000 censuerunt
650 1918 704 1983 vel
718 1915 911 2006 adjectivum
930 1916 1034 2001 νεαρά
1053 1913 1112 2002 pro
1127 1916 1411 2002 interpretamento
1432 1913 1524 1980 verbi
1545 1914 1628 2008 μόλῃ
1642 1913 1834 2000 habuerunt,
1848 1933 1954 2004 neque

328 2045 383 2102 aut
396 2036 493 2125 ¹quod
507 2037 713 2102 Hermannus
736 2036 837 2101 edidit
858 2041 917 2118 νέᾳ
938 2034 1031 2122 dopo?
1046 2035 1276 2100 sententiarum
1290 2035 1391 2098 nexui
1405 2043 1516 2121 aptum
1531 2043 1589 2120 est,
1612 2044 1668 2100 aut
1689 2055 1752 2122 quo
1767 2035 1959 2110 Karstenius
1979 2019 1981 2050 ’ἶ

328 2176 420 2219 suam
442 2165 558 2242 poetae
579 2178 709 2220 manum
725 2135 794 2221 sibi
814 2156 991 2220 restituisse
1012 2155 1101 2219 visus
1125 2163 1175 2218 est
1196 2157 1398 2241 νεαροφοοῧς
1418 2154 1521 2220 τόκον.
1565 2154 1679 2241 Itaque
1702 2153 1958 2220 Schneidewinio
1981 2171 1984 2226 ῃ

327 2299 392 2340 non
413 2275 580 2340 adsentior
602 2273 658 2358 qui
680 2274 781 2359 ejecto
803 2269 905 2357 νεαρὰ
926 2294 1046 2341 novum
1070 2271 1263 2338 vocabulum
1285 2273 1465 2360 φαεσκότον
1485 2282 1683 2338 commentus
1713 2283 1771 2359 est,
1794 2275 1884 2362 eujus
1905 2295 1958 2338 ve·

328 2395 430 2481 sugas
445 2394 597 2458 insistens
614 2389 799 2455 sonnisse
821 2391 868 2470 (n
884 2390 1059 2458 observas.
1075 2393 1192 2458 cesses
1205 2390 1403 2456 nannents
1416 2411 1519 2478 nepe
1534 2390 1645 2470 enas)
1666 2413 1741 2479 pag.
1765 2393 1804 2458 ιτ
1832 2391 1960 2479 seipse
1985 2366 1987 2406 l

327 2510 383 2578 εὖτ
393 2513 448 2577 ’άν
470 2511 524 2576 ἐπὶ
545 2509 579 2576 τὸ
597 2512 707 2595 κόριον
726 2509 808 2602 μόλῃ
824 2510 910 2596 φάος
931 2511 1057 2590 σκότου,-
1079 2511 1211 2575 minime
1232 2510 1317 2574 enim
1330 2509 1524 2576 vocabulum
1538 2508 1648 2597 νεαρὰ
1661 2512 1960 2598 interpretationem
1987 2491 1989 2498 ²

202 2626 204 2631 ’
330 2633 427 2718 sapit.
472 2631 553 2718 Ejus
574 2628 724 2695 vocabuli
746 2629 902 2715 originem
929 2629 1016 2695 reete
1038 2629 1116 2694 mihi
1135 2630 1343 2718 perspexisse
1364 2628 1494 2695 videtur
1513 2629 1659 2714 Weilius,
1686 2628 1784 2717 quum
1805 2651 1853 2696 ex
1872 2628 1960 2717 ἦμαρ

320 2749 379 2815 uel
400 2747 508 2836 ἦμόραΑ
527 2757 631 2814 ortum
653 2769 723 2812 esse
740 2739 913 2835 judiearet,
936 2747 995 2813 sed
1015 2769 1099 2835 quae
1120 2733 1207 2814 idem
1228 2747 1365 2834 addidit,
1387 2769 1484 2836 quum
1498 2770 1559 2835 pro
1582 2749 1695 2836 φάους
1716 2751 1829 2816 σκότον
1850 2749 1961 2816 ederet

255 2861 258 2868 ’
327 2869 522 2958 φιλόσκοτον
547 2877 580 2932 et
606 2877 681 2932 ante
703 2866 831 2951 ἄμαχον
857 2867 1015 2934 insereret
1036 2871 1208 2952 πνέουσαν,
1229 2866 1379 2932 violentis
1399 2867 1639 2954 mutationibus,
1668 2890 1709 2934 ea
1733 2869 1791 2934 vix
1812 2869 1960 2958 cuiquam

332 2987 503 3076 probatum
523 2989 572 3052 'iri
593 2986 731 3053 confido.
775 2985 820 3052 Ut
841 2988 926 3051 enim
948 2986 1039 3071 ὕβρις
1064 2996 1139 3074 apte
1161 2987 1286 3052 dieatm
1308 2986 1443 3072 όαλμαν,
1469 3009 1534 3053 non
1555 2995 1664 3052 tamen
1690 2988 1724 3052 in
1750 3009 1821 3053 eam
1843 2987 1960 3054 eadere

327 3107 469 3172 arbitror
483 3152 485 3163 ·
498 3106 586 3193 quod
613 3106 755 3192 sequitur
784 3105 957 3190 εἰδομέναν
978 3110 1134 3186 τοκεῧσινς
1162 3129 1245 3194 quae
1273 3107 1371 3172 enim-
1387 3125 1519 3192 prorsus
1548 3105 1662 3172 eadem
1689 3114 1771 3191 sunt,
1799 3107 1958 3195 quomodo

326 3225 442 3290 similia
462 3226 573 3290 vooari
593 3224 758 3312 possuntt,
1920 3217 1923 3226 ⁴
2000 3201 2001 3204 Ἴ

734 3461 794 3537 eigs
815 3479 866 3526 σοι
887 3459 941 3526 τὸν
962 3465 1020 3546 νόν
1040 3461 1140 3547 χόλον

734 3581 880 3665 παρόντα
901 3580 1039 3664 μόχθων
1059 3579 1200 3646 παιδιάν
1221 3583 1305 3648 εἶναι
1326 3580 1435 3648 δοκεῖν

411 3723 526 3768 sanum
547 3722 613 3764 non
635 3721 706 3764 esse
729 3722 827 3786 quum
849 3698 1066 3767 Doederlinus
1087 3698 1234 3784 vidisset,
1266 3699 1366 3782 ὄχλον
1385 3698 1592 3768 scribendum
1620 3721 1691 3768 esse
1713 3701 1883 3792 judicavit,
1908 3705 1961 3770 eui

412 3821 568 3888 adsensus
591 3829 641 3884 est
655 3818 844 3885 Dindorfius
868 3819 923 3904 (of.
945 3818 1145 3906 praef.·pag.
1167 3819 1235 3895 dl).
1272 3819 1445 3889 Leniorem
1467 3819 1546 3889 mibi
1565 3819 1680 3888 videor
1692 3822 1876 3908 repperisse
1896 3844 1960 3888 me·

414 3937 536 4022 delam3
559 3938 660 4021 χόλον
679 3959 743 4002 non
766 3938 954 4004 mutandum
976 3959 1048 4026 esse
1070 3937 1220 4023 arbitror,
1242 3937 1356 4006 sedin
1377 3937 1480 4004 altero
1500 3933 1598 4004 versu
1613 3937 1753 4027 syllabas
1774 3939 1866 4008 aliter
1888 3929 1961 4014 oon,²

336 4109 338 4114 ,
407 4056 605 4146 jungendas.
649 4055 757 4144 Atque
779 4056 868 4123 haud
892 4059 957 4123 seio
981 4079 1022 4122 an
1037 4055 1228 4143 Aeschylus,
1250 4057 1277 4121 si
1299 4058 1490 4143 eam‘quam
1510 4059 1617 4124 inesse
1638 4058 1752 4125 volunt
1771 4060 1961 4126 sententiam

274 4150 284 4164 „
418 4178 600 4264 exprimere
621 4176 785 4262 voluisset,
808 4177 984 4264 scripturus
995 4173 1094 4243 luerit
1115 4175 1190 4252 ἑόςτε
1211 4192 1263 4241 σοι
1283 4175 1338 4242 τόν
1357 4180 1419 4242 νῦν
1437 4167 1542 4259 χόλονΙ
1556 4176 1860 4270 μόχθανιπαρόντα
1879 4201 1959 4244 τται-
2018 4181 2019 4184 ’

413 4293 490 4360 trev
511 4279 595 4362 εἶναι
611 4295 727 4361 δοκεῖν.
772 4295 937 4382 Propone:
1119 4359 1123 4366 ,
1193 4359 1195 4366 ,
1265 4355 1266 4360 ,

735 4412 794 4490 tice
816 4430 867 4480 σοι
891 4414 946 4480 τὸν
966 4407 1030 4482 νῦν
1045 4414 1170 4497 χόλον·
1234 4436 1259 4460 ·“

734 4533 874 4619 παρόντ’
896 4534 1050 4618 άμοχθον
1071 4531 1221 4632 madido·
1234 4537 1318 4601 εόνοιι
1338 4534 1455 4602 δοκεῖν.
1480 4551 1484 4582 ³
