4148 5618
945 448 1149 526 ..22-

237 685 488 776 deprehendisse
517 684 578 751 sibi
604 682 801 750 viderentur.
856 681 971 768 Itaque
997 683 1145 752 Prienins
1171 683 1206 746 in
1226 677 1381 767 symbolis
1409 680 1526 746 criticis
1547 679 1698 750 Lubeeae
1726 707 1755 752 a.
1780 687 1861 762 1558

236 807 331 872 editis
353 819 418 870 n'on
438 805 543 892 potuit
564 805 642 892 quin
664 801 757 892 plura
777 800 812 866 id
826 821 929 887 genus
951 803 1068 868 menda
1089 803 1123 866 in
1144 801 1205 865 hoc
1227 801 1366 886 carmine
1388 801 1493 866 inesse
1509 816 1654 909 pensaret
1668 827 1764 892 quam
1786 820 1861 874 ante

236 949 310 992 eum
330 925 534 992 Hermannus
556 930 753 1009 reppererat.
796 920 894 987 Velut
915 943 1009 986 versu
1033 920 1075 987 85
1096 921 1147 985 vir
1174 918 1232 984 ille-
1250 918 1362 1024 dectus
1385 920 1496 986 scribit
1518 919 1679 1006 ἀμαχέτου
1700 930 1810 1012 βρέμει
1831 928 1861 992 δ’

22 1045 24 1050 ’
132 1056 135 1061 ’
236 1043 397 1131 decennov
418 1044 514 1110 δίκαν
533 1043 687 1126 νάματος,
710 1053 745 1106 ut
765 1039 867 1105 verba
881 1033 1100 1126 respondeant
1117 1039 1170 1104 his
1190 1038 1428 1125 antistrophicis
1450 1041 1570 1127 πόνορα
1592 1043 1664 1130 δῆτ’
1687 1044 1748 1127 ἐγὼ
1769 1067 1861 1112 πομ-

236 1169 324 1230 nemo
346 1167 438 1248 βρένη
461 1162 639 1246 δαιμόνων,·
662 1161 867 1226 Hermannus
885 1159 1031 1226 codicum
1044 1159 1214 1227 leotIonem
1232 1159 1378 1224 'servavit
1391 1164 1501 1245 βρέμει
1528 1161 1559 1226 δ’
1583 1161 1743 1246 ἀμαχέτου
1769 1166 1862 1233 δίκαν

236 1282 362 1360 ὕδατος]
374 1280 541 1367 ὀροτύπου.
579 1277 864 1379 Etiamvers.133
887 1280 926 1343 σύ
946 1281 977 1342 τ’
992 1279 1018 1344 ά
1031 1281 1230 1358 Λαυυγένεια
1249 1278 1351 1361 κούρα
1367 1259 1437 1344 ’που
1452 1302 1515 1345 uno
1530 1281 1608 1346 vitio
1628 1282 1776 1350 laborare
1792 1289 1807 1373 j

149 1467 153 1473 ,
238 1399 402 1467 Seidlerus
426 1400 533 1480 (dev.
557 1397 681 1464 dochm.
703 1421 733 1484 p.
758 1399 832 1477 196)
854 1397 951 1482 vidit3
973 1397 1122 1484 Engerus
1145 1397 1272 1482 scripsit
1293 1395 1622 1475 cerasiacense
1643 1403 1788 1485 κοχάζου,
1811 1397 1886 1469 οο1

236 1520 392 1586 adsensus
414 1529 464 1585 est
484 1519 632 1584 Prienius
654 1517 689 1596 (I.
713 1539 740 1583 c.
762 1539 836 1604 pag.
859 1517 924 1596 24).
968 1517 1006 1582 In
1027 1537 1125 1581 versu
1149 1517 1210 1582 102
1231 1515 1377 1580 Prienius
1398 1516 1569 1582 Dindorfio
1591 1531 1721 1585 auctore
1741 1524 1861 1589 vocati·
1973 1533 1975 1538 ’

217 1627 313 1709 Ι111111
333 1640 452 1732 δαῖμον
473 1637 593 1723 delevit
613 1645 777 1722 totamque
797 1635 903 1701 Iocum
925 1637 971 1700 sio
992 1636 1169 1700 constituit:
1195 1634 1232 1698 ta
1253 1635 1459 1720 χρυσοπήληξ
1488 1635 1573 1702 ἔπιδ’
1600 1637 1692 1715 ἔπιδε
1713 1641 1862 1728 κάν-δε

236 1758 334 1825 πάλιν
352 1757 481 1823 άνπου’
502 1754 678 1844 οὗφιληοαν
698 1755 790 1822 ἔθου.
835 1754 1014 1820 Medioeus:
1037 1751 1063 1818 ai
1083 1753 1288 1840 χρυσοπήληξ
1308 1754 1429 1838 δαῖμον
1451 1753 1537 1819 ἔπιδ’
1561 1755 1653 1822 ἔπιδε
1674 1758 1770 1824 πόλνν
1791 1783 1860 1848 sqq.

235 1877 297 1944 His
328 1875 526 1964 respondere
559 1885 667 1942 censet
698 1874 801 1940 verba
829 1875 971 1959 μάκαρες
1000 1873 1134 1958 εὔεδροι,
1163 1861 1297 1957 ἀκμάζει
1325 1878 1461 1958 βρετέων
1490 1871 1638 1956 ἔχεσθαι·
1662 1877 1862 1964 ολμελλομυν

237 1985 425 2078 οἰγάουονοι,·Ι
473 1983 516 2060 In
540 2017 637 2060 versu
665 1993 726 2060 149
753 2015 812 2080 pro
839 1993 994 2058 librorum
1021 1993 1180 2079 scriptura
1207 1990 1270 2078 πρὸ
1298 1992 1424 2068 πόλεως
1450 1992 1656 2060 scribendum
1682 2017 1753 2062 esse
1781 1995 1860 2083 ὑπὲρ

237 2114 586 2190 πόλεωςΗοοπικυοοο
607 2112 697 2180 vidit.
740 2113 779 2178 In
796 2135 926 2178 versum
949 2114 1010 2179 132
1032 2121 1138 2178 utrum
1158 2110 1351 2176 vocabulum
1372 2115 1470 2188 αδυᾶς
1492 2110 1534 2177 ex
1555 2113 1745 2180 scholiastae
1766 2118 1862 2182 inter·

236 2235 418 2320 pretatione
439 2209 567 2299 illatum
575 2233 616 2298 sit
637 2254 679 2300 aa
701 2254 744 2296 ex
758 2255 853 2296 versu
877 2233 947 2316 130,
963 2233 1118 2295 incertum
1142 2239 1199 2296 est.
1231 2230 1270 2324 In
1292 2229 1438 2296 Medioeo
1460 2231 1595 2319 legimus
1617 2240 1671 2298 καὶ
1694 2235 1732 2300 σὺ
1753 2238 1862 2302 Λύκει’

238 2353 322 2431 ἄναξ
343 2352 466 2428 λάκειος
486 2356 581 2434 γενοῦ
602 2355 723 2439 στρατῷ
750 2351 833 2439 δαΐῳ
864 2351 984 2416 στόνων
1010 2349 1122 2427 ἀϋτᾶς)
1145 2349 1349 2436 Hermannus
1372 2352 1514 2416 correxit
1535 2337 1637 2434 άπύᾳ.
1682 2353 1796 2441 Neque
1824 2377 1863 2420 ea

125 2519 127 2526 -
238 2493 321 2559 quae
344 2480 521 2558 sequuntur
540 2469 696 2557 paredum
718 2450 931 2556 glossatorum
951 2468 1142 2534 industriam
1161 2489 1227 2532 non
1249 2479 1323 2534 sunt
1344 2480 1488 2555 experta.
1532 2471 1570 2534 In
1598 2493 1695 2536 versu
1721 2473 1784 2538 223
1806 2475 1862 2538 vix
1929 2493 1932 2502 ·

235 2583 380 2656 'dubitari
400 2598 506 2677 potest
527 2590 604 2676 quin
624 2611 683 2675 pro
705 2589 845 2653 Medicei
866 2589 1024 2674 scriptura
1045 2587 1135 2652 τάνδ’
1157 2587 1191 2662 ἐς
1211 2585 1389 2672 ἀκρόπολιν
1409 2587 1462 2652 rel
1485 2611 1556 2652 cum
1578 2589 1764 2655 Hermanno
1788 2594 1861 2656 scri-

237 2945 427 3034 ejioiendam
454 2967 525 3011 esse
552 2942 743 3010 Ritschelins
771 2945 872 3032 (apud
893 2945 1005 3031 Enger
1033 2945 1073 3008 de
1094 2943 1134 3008 A.
1162 2953 1227 3008 ant.
1253 2952 1313 3008 rat.
1341 2966 1372 3029 p.
1399 2942 1455 3028 21)
1486 2944 1608 3030 doonit3
1640 2945 1774 3032 perfecit
1801 2947 1863 3013 loci

128 3057 130 3062 ’
236 3062 494 3138 emendationem
509 3065 556 3149 'in
576 3065 688 3130 Indice
710 3063 807 3131 schol.
828 3041 968 3128 Bonnad
987 3063 1070 3130 1851
1090 3085 1122 3149 p.
1145 3062 1226 3128 VIII
1254 3063 1301 3126 sio
1322 3061 1507 3128 scribendo:
1541 3071 1732 3150 κορκορυγαὶ
1759 3066 1793 3131 δ’.
1811 3065 1862 3131 ἀν’

238 3183 316 3250 toro
336 3177 469 3248 πο119’
490 3180 613 3268 ὁρκάνα
633 3187 793 3268 ποργωοᾷ.
840 3182 992 3248 Ceterum
1012 3197 1077 3246 non
1099 3180 1140 3246 de
1166 3179 1361 3271 Argivorum
1387 3181 1469 3248 vallo
1492 3181 1573 3248 haec
1594 3183 1680 3248 dicta
1693 3207 1782 3279 lesse,
1804 3185 1862 3250 sed

238 3301 279 3369 de
300 3303 400 3389 ipsius
427 3302 516 3368 urbis
538 3304 741 3368 munimentis
762 3302 909 3367 Prienius
937 3300 981 3386 (1.Ι
999 3323 1025 3368 c.
1053 3323 1127 3387 pag.
1153 3299 1208 3383 38)
1239 3298 1322 3373 bene
1350 3300 1544 3366 observavit.
1609 3303 1648 3366 In
1674 3324 1772 3368 versu
1798 3303 1860 3370 281

241 3432 338 3487 ποῖον
359 3421 389 3486 δ
411 3419 599 3507 άμολψοσδε
616 3427 713 3502 γαίας
733 3422 835 3486 πέδον
855 3423 911 3496 τάς
932 3418 961 3486 δ
984 3405 1101 3504 ἄρειον
1116 3420 1249 3504 ἐχθροῖς
1262 3415 1397 3506 άιμένπς
1410 3429 1518 3486 utrum
1532 3420 1665 3506 ἐχθροῖς
1679 3431 1862 3508 corruptum

202 3523 203 3530 ¹
237 3543 280 3607 sit
300 3563 344 3606 an
364 3538 508 3628 ἀφέντος,
530 3540 664 3607 dubium
692 3550 749 3606 est.
792 3540 955 3606 Prieninm
978 3540 1152 3628 conjecisse
1179 3539 1274 3606 video
1298 3539 1441 3615 ἐντόπους
1462 3539 1506 3624 (p.
1529 3537 1603 3622 36);
1625 3539 1694 3626 ipso
1715 3561 1860 3626 propono
1947 3597 1950 3604 .

238 3663 386 3745 ἓχθίμοις
407 3657 550 3747 άφένυες.
595 3661 632 3724 In
654 3681 751 3724 versu
773 3660 835 3733 810
850 3656 983 3741 πλαγὰν
1004 3660 1072 3724 sine
1091 3658 1186 3723 metri
1201 3657 1317 3724 damno
1339 3679 1405 3722 non
1418 3667 1525 3745 potest
1545 3660 1684 3743 servari3
1706 3660 1862 3745 originem

236 3781 308 3846 vitii
328 3781 449 3866 primus
470 3778 636 3868 perspexit
656 3777 835 3844 Elmsleius.
900 3777 992 3844 Idem
1013 3778 1208 3864 suspicatum
1229 3796 1300 3844 esse
1322 3777 1417 3842 video
1433 3777 1585 3842 WeiIinm
1608 3777 1649 3842 de
1671 3777 1785 3842 eodem
1807 3801 1862 3843 vo·

235 3898 351 3966 cabulo
377 3899 411 3974 in
433 3897 684 3984 Agamemnonis
713 3921 744 3964 v.
768 3897 849 3964 1303
878 3896 990 3981 (οἴμοι,
1012 3896 1199 3982 πέπληγμαι
1220 3900 1349 3983 καιρίαν
1370 3895 1496 3983 πληγὴν
1523 3896 1611 3980 ἔσω),
1639 3917 1738 3983 quum
1760 3900 1862 3984 ejecto

236 4016 380 4104 πληγηά
389 4016 594 4096 scribendum
622 4039 692 4082 esse
723 4026 878 4082 censeret
894 4016 1041 4100 πλευράν
1067 4015 1147 4080 ἔνια
1184 4013 1251 4082 Sed
1276 4014 1359 4083 latos
1379 4014 1632 4102 Agamemnonis
1659 4037 1680 4079 a
1702 4013 1862 4100 Clytaem-

233 4146 346 4208 nestra
366 4121 553 4224 percussum
576 4127 655 4222 esse,
679 4158 775 4222 quum
796 4137 945 4222 maritum
967 4134 1128 4200 occideret
1149 4133 1251 4220 ὥςπερ
1273 4137 1352 4220 βοῦν
1373 4134 1428 4200 ἐπὶ
1448 4135 1562 4226 φάινη,
1592 4155 1657 4198 non
1678 4149 1784 4222 capnt,
1805 4135 1862 4198 vix

237 4256 439 4322 crediderim.
488 4255 518 4318 Ε
544 4275 642 4322 versu
669 4256 732 4322 982
760 4254 813 4338 (iai
835 4255 995 4331 δοςνάνων
1022 4256 1128 4319 κακῶν
1153 4252 1237 4330 ἄναξ
1262 4251 1433 4328 ’raanan
1454 4239 1640 4340 Ιάρχαγέτα)
1666 4274 1732 4318 non
1760 4243 1862 4320 solum

216 4383 222 4394 ”
235 4380 341 4442 κακῶν
355 4373 547 4462 ejiciendum
562 4395 643 4458 esse,
659 4373 718 4440 sed
732 4375 829 4444 etiam
842 4373 944 4440 verba
957 4375 991 4439 in
1005 4374 1152 4460 margine
1171 4371 1334 4461 adscripta
1353 4370 1522 4448 Ἐπόκλοις
1536 4369 1698 4459 άρχαγέκα
1711 4371 1861 4458 Engerus

236 4493 318 4561 vidit
340 4491 406 4602 (De
425 4491 616 4580 Aeschyhae
639 4492 769 4580 Septem
792 4493 836 4559 ad
857 4492 988 4560 Thebas
1010 4491 1139 4562 Parodo
1160 4515 1191 4578 p.
1216 4481 1281 4572 1'8).
