4148 5618
1021 429 1225 504 ..15-

215 672 218 680 '
285 621 523 750 Ι464χυμνδν
544 663 698 746 φανέντα,
722 661 784 726 τάν
805 657 1014 744 άριυτείιον”
991 683 1075 746 ατερ,
1108 684 1141 727 v.
1164 661 1226 726 750
1247 658 1377 741 Κάλχας
1395 655 1550 742 μεταστάς
1571 661 1638 734 οἶος
1664 655 1833 743 Ἆτρτιδοον
1853 660 1980 750 δάχα
1977 613 1979 634 l

313 777 447 844 Philoct.
425 789 500 845 τυ
522 776 605 846 31
587 783 652 863 ορῶ
674 777 769 864 κενὴν
790 783 920 864 οἴκησιν,
944 775 1132 864 ἀνθρώπων
1154 779 1239 861 δίχα,
1263 779 1339 844 830
1368 776 1481 865 ῥιφθῶ
1502 783 1591 844 κυσίν
1612 779 1793 864 πρόβλχτυς
1814 781 1981 857 οιυνοτς

312 899 473 984 δ’·ἕλοιρ
497 900 579 965 1019
601 897 741 973 τέλοςδ
764 896 911 973 ἀπωστὸς
931 901 988 982 γῆς
1010 895 1311 986 άποῤῥιφθήσομαι.
1377 959 1381 968 ,

1078 1259 1108 1337 ξ.
1131 1257 1162 1321 4.

465 1375 578 1440 Restat
599 1384 636 1439 ut
656 1374 697 1439 de
718 1375 757 1440 iis
779 1372 859 1438 locis
887 1373 993 1438 dicam
1020 1375 1054 1439 in
1082 1374 1198 1461 quibus
1224 1373 1286 1439 hoc
1308 1373 1520 1466 corruptionis
1549 1393 1652 1460 genus
1679 1373 1785 1438 inesse
1806 1372 1940 1437 metrica
1985 1389 1987 1392 ⁴

313 1492 393 1556 vitis
413 1491 560 1578 probant,
583 1515 718 1580 quorum
739 1493 870 1581 quidem
889 1492 1037 1562 locorum
1051 1515 1220 1558 numerum
1240 1491 1337 1580 longe
1358 1493 1535 1564 maximum
1557 1513 1628 1556 esse
1643 1501 1777 1558 constat.
1821 1489 1940 1556 Ordior

320 1609 362 1676 sb
382 1611 634 1696 Agamemnonis
655 1634 752 1678 versu
773 1613 846 1698 403,
867 1611 924 1677 ubi
944 1611 1136 1678 vocabulum
1157 1612 1254 1689 δόξαι
1278 1611 1438 1676 inlocum
1460 1613 1528 1699 ejus
1550 1613 1741 1676 successisse
1762 1610 1850 1697 quod
1877 1633 1940 1675 ser·
1987 1589 1989 1592 Α

314 1740 423 1794 vatum
451 1742 501 1794 est
527 1730 569 1796 ab
601 1730 765 1817 Hesychio
789 1731 885 1796 δόκαι
905 1731 1111 1798 Hermennus
1132 1730 1222 1796 vidit.
1265 1729 1419 1817 Legimus
1441 1732 1527 1795 enim
1547 1731 1581 1794 in
1601 1729 1802 1816 antisucpha
1823 1731 1939 1812 πάρει-

316 1866 367 1912 σιν
390 1849 486 1925 δόξαι
508 1838 667 1936 φέρουσαι
686 1851 782 1935 χάριν
801 1856 951 1934 ματαίαν,
973 1850 1008 1914 in
1022 1850 1154 1938 stropha
1174 1850 1308 1924 κλόνους
1329 1849 1500 1934 λογχίμους
1520 1873 1553 1913 τε
1574 1855 1628 1914 καὶ
1648 1850 1811 1932 ναυβάτας
1824 1844 1939 1914 δπλισ-

313 1967 402 2049 μους.
446 1967 484 2032 In
500 1967 640 2032 secundo
662 1970 807 2056 ejusdem
827 1969 956 2037 fabulae
971 1971 1111 2036 carmine
1133 1969 1270 2055 chorico,
1284 1992 1382 2048 versu
1395 1968 1468 2053 453,
1483 1991 1569 2034 nunc
1589 1967 1696 2051 video,
1719 1968 1794 2032 siin
1809 1966 1941 2053 stropha

314 2107 387 2148 cum
404 2082 524 2150 Orellio
541 2086 700 2152 scribatur
714 2087 882 2172 ἔχθοντας,
905 2089 982 2154 inde
1003 2111 1069 2156 non
1089 2087 1271 2156 necessario
1294 2089 1457 2176 consequi,
1478 2088 1561 2174 utin
1576 2085 1776 2173 antisnophe
1791 2087 1853 2152 αἰῶ
1867 2087 1942 2149 scri-

314 2201 458 2270 bendum
480 2206 521 2270 sit
541 2228 601 2292 pro
627 2228 665 2283 eo
688 2206 773 2293 quod
795 2207 869 2276 libri
892 2207 1046 2274 exhibent
1066 2183 1146 2292 βίον,
1178 2231 1274 2296 quam
1301 2209 1516 2296 conjecturam
1543 2207 1696 2293 proposui
1724 2207 1758 2270 in
1779 2203 1943 2270 Muetzelii

315 2322 485 2388 annalibus
510 2326 602 2410 1858,
624 2348 699 2412 pag.
720 2326 792 2411 543,
815 2328 966 2412 quoniam
989 2329 1141 2395 etiam-in
1162 2327 1233 2392 aliis
1261 2326 1339 2392 locis
1367 2328 1402 2390 in
1428 2326 1501 2400 hoc⁴
1516 2326 1610 2392 meni
1633 2347 1753 2412 genere
1774 2324 1942 2390 trochaeus

198 2431 201 2438 ¹
315 2443 492 2529 respondet
513 2445 669 2531 spondeo,
692 2445 781 2510 velut
801 2445 916 2532 Agam.
938 2470 970 2512 v.
997 2447 1060 2514 365
1082 2456 1139 2524 sir.
1167 2444 1205 2512 οὗ
1231 2447 1293 2531 γάρ
1320 2447 1405 2513 ἐστιν
1426 2445 1558 2522 ἔπαλξις
1578 2444 1717 2511 πλούτου
1738 2442 1819 2531 πρὸς
1845 2446 1944 2527 κόρον

316 2561 413 2648 ἀνδρὶ
433 2563 557 2628 entistr.
581 2563 648 2640 οἷος
668 2571 722 2628 καὶ
736 2566 842 2651 Πάρις
863 2563 974 2632 saeclo
994 2565 1029 2641 ἐς
1046 2564 1150 2650 δόμον
1171 2563 1225 2632 τὸν
1243 2563 1418 2651 Ἀτρειδᾶν.
1462 2566 1502 2630 V.
1517 2566 1582 2632 400
1602 2573 1658 2630 sir.
1681 2561 1831 2648 ὀμμάτων
1853 2564 1883 2628 δ
1907 2564 1942 2630 ἐν

315 2678 470 2766 άχρνίαις.
516 2683 556 2748 V.
575 2684 641 2748 ,415
663 2685 786 2749 antistr.
809 2685 901 2770 τεύχη
924 2690 978 2750 καὶ
1000 2683 1122 2761 σποδός
1147 2686 1193 2762 εἰς
1215 2683 1347 2750 ἑκάστου
1370 2685 1491 2769 δόμους
1512 2681 1703 2770 ἀφικνεῖται.
1749 2682 1816 2748 Sed
1841 2683 1876 2748 in
1902 2682 1942 2746 iis

316 2821 399 2883 quse
421 2800 620 2886 praecedunt
640 2824 706 2866 non
728 2805 835 2868 omnis
856 2825 927 2869 esse
950 2827 1029 2870 sena
1050 2805 1091 2872 V.
1111 2805 1155 2870 D.
1178 2805 1390 2889 consentiunt.
1434 2803 1535 2868 Totus
1558 2801 1646 2868 locus
1667 2801 1721 2868 hio
1743 2810 1805 2868 est:

649 2932 703 2988 str.
726 2921 759 2988 oi
779 2923 810 2986 δ’
832 2921 931 2988 αὐτοῦ
950 2930 1025 3009 περὶ
1046 2935 1148 3007 τεῖχος

702 3018 830 3128 Ιθήκας
854 3041 993 3119 Ἰλιάδος
1012 3047 1070 3129 γῆς

723 3161 881 3248 εὔμορφοι
901 3165 1095 3244 κατέχουσιν·
1117 3162 1172 3246 ἐχ-

722 3278 795 3361 θρά
817 3280 847 3344 δ’
869 3280 999 3362 ἔχοντας
1019 3280 1161 3368 ἔκρυψεν

634 3407 701 3462 ent.
721 3403 817 3482 κρίνοι
840 3398 871 3464 δ’
894 3399 1050 3486 ἄφθονον
1070 3400 1178 3485 όλβον.

722 3519 798 3604 μήτ’
819 3522 889 3603 οἵην
908 3519 1144 3606 πτολιπόρθης,

723 3638 799 3722 μήτ’
820 3634 879 3704 οὖν
899 3635 998 3714 αὐτός
1017 3635 1116 3714 άλοδς
1136 3635 1185 3703 δτι
1203 3636 1264 3704 άλ-

675 3751 677 3762 ’
724 3756 790 3822 λων
810 3761 882 3840 dion
902 3757 1072 3842 κατίδοιμι.

316 3872 523 3962 Adjectivum
538 3874 698 3961 εὔμορφοι
719 3896 818 3962 quum
838 3897 904 3942 non
921 3887 1033 3964 aptum
1054 3878 1095 3942 sit
1108 3887 1306 3942 mortuorum
1321 3877 1496 3966 epitheton,
1516 3886 1628 3968 (quam
1642 3853 1727 3946 enim
1741 3879 1946 3950 Hermannus

324 3995 433 4061 inesse
453 3993 556 4062 voluit
576 3993 851 4081 significationem,
873 4003 909 4060 ui
926 3995 1073 4062 dicantur
1094 3995 1204 4060 decori
1225 3996 1294 4062 sive
1314 3995 1502 4083 laudabiles,
1516 4001 1585 4087 ejus
1602 3999 1786 4088 exemplum
1806 3975 1948 4067 nondum

325 4111 456 4179 allatum
482 4113 557 4198 est),
583 4113 694 4178 umiae
720 4136 741 4178 a
766 4114 845 4178 viris
873 4113 976 4180 doctis
1000 4113 1145 4210 prolatae
1172 4123 1247 4182 sunt
1269 4117 1480 4204 conjecturae
1522 4114 1596 4204 lpse
1616 4141 1761 4206 propono
1783 4120 1945 4209 εὔορφνοι.

323 4229 450 4298 Chorus
475 4211 591 4296 heroas
617 4229 652 4296 in
679 4232 834 4318 sepulcris
860 4233 1006 4300 conditos
1033 4233 1117 4300 bene
1141 4233 1284 4301 tenebiis
1311 4233 1480 4302 obvolutos
1506 4256 1578 4301 esse
1607 4235 1693 4306 dicis
1746 4236 1948 4305 Vocabulum

320 4349 480 4438 εὔορφνος
499 4371 576 4419 num
598 4350 685 4438 apud
711 4349 987 4450 eliossmiptorss
1012 4351 1450 4442 vol-spndglossographos
1478 4363 1593 4441 exstet,
1619 4356 1811 4444 iijudicent
1831 4357 1946 4446 quibus

317 4470 422 4556 msice
451 4467 666 4537 subsidiorum
689 4472 790 4558 copia.
807 4480 923 4559 persto
959 4481 1017 4557 est,
1045 4493 1141 4559 quam
1167 4471 1261 4539 nobis
1293 4474 1327 4540 in
1358 4471 1420 4538 hec
1446 4472 1559 4540 ultime
1578 4473 1822 4542 Pommeraniae
1843 4477 1947 4543 Thule

319 4586 550 4676 scribentibus.
577 4588 690 4674 Neque
704 4588 809 4658 locum
824 4589 960 4658 similem
978 4611 1067 4658 ,nune
1080 4592 1181 4660 offere
1194 4613 1325 4680 possum
1339 4601 1468 4680 praeter
1483 4615 1582 4662 unum
1595 4591 1729 4661 Tibulli:
1750 4595 1826 4662 Jam
1839 4597 1948 4662 veniet
1986 4621 1989 4628 ¹
