4148 5618
927 432 1107 509 -4..

206 655 370 744 disputata
391 667 474 744 sunt,
496 680 552 724 eos
574 660 630 746 qui
652 658 733 726 haec
754 659 867 729 lecturi
889 676 972 752 sunt,
994 666 1030 732 id
1049 667 1129 734 mihi
1148 691 1214 734 non
1234 670 1315 736 vitio
1336 667 1503 741 habituros
1531 698 1603 743 esse
1624 701 1735 768 spero,
1763 705 1839 773 quo

204 777 293 842 niam
313 797 379 850 non
401 776 518 843 eadem
538 788 671 845 nostrae
693 777 822 882 scholae
843 792 894 850 est
915 785 1055 852 conditio
1078 809 1163 876 quae
1183 788 1264 855 solet
1282 811 1355 856 esse
1369 789 1558 862 ceterarum’.
1595 797 1681 864 Nam
1694 800 1839 869 subsidio

204 893 399 983 philologica
419 895 636 965 bibliothecae
659 898 870 968 scholasticae
890 925 995 992 paene
1017 916 1092 973 sunt
1111 907 1214 994 nulla3
1246 909 1409 977 annalium
1431 922 1539 978 autem
1553 916 1751 987 eruditorum
1772 921 1839 987 adi·

204 1023 256 1080 tus
277 1013 371 1082 nobis
392 1037 524 1103 prorsus
545 1017 735 1085 interclusus
758 1030 816 1086 est.
854 1021 989 1111 ltaque
1010 1025 1083 1090 fieri
1101 1027 1213 1114 potuit,
1235 1038 1271 1094 ut
1296 1030 1330 1094 in
1353 1051 1393 1095 ea
1413 1053 1498 1118 quae
1518 1034 1553 1099 in
1572 1040 1838 1126 peregrinationi-
1870 1042 1873 1050 ’

203 1133 264 1200 bus
285 1134 366 1200 mihi
387 1136 593 1223 enotaverim,
615 1137 671 1203 ubi
694 1138 838 1226 largiora
860 1143 1111 1231 suppeditabant
1131 1145 1295 1212 literarum
1317 1147 1471 1236 subsidia,
1503 1174 1628 1220 errores
1649 1158 1838 1246 irrepserint

202 1251 257 1318 vel
277 1253 391 1319 calami
411 1254 465 1320 vel
485 1257 674 1342 memoriae,
698 1260 815 1354 eos„si
837 1262 893 1348 qui
916 1271 999 1348 sunt,
1021 1286 1108 1329 nunc
1127 1267 1294 1352 'corrigere
1313 1290 1379 1333 non
1394 1280 1444 1336 est
1457 1272 1491 1337 in
1505 1285 1664 1363 promptu.
1700 1277 1745 1342 Iis
1759 1299 1837 1344 vero

205 1393 340 1459 quorum
377 1373 572 1462 singularem
598 1375 824 1444 liberalitatem
858 1389 955 1468 atque
986 1381 1216 1450 humanitatem
1249 1397 1403 1474 expertus
1435 1411 1521 1476 sum,
1554 1391 1778 1462 Schoemannc
1806 1408 1838 1462 et

206 1489 247 1558 G.
268 1491 479 1580 Ahlwardtio,
507 1494 624 1583 quibus
645 1495 863 1564 bibliothecae
886 1498 1201 1589 Gryphiswaldensis
1229 1527 1307 1570 cura
1333 1510 1502 1574 commissa
1527 1521 1588 1595 est,
1618 1513 1714 1578 etiam
1741 1526 1837 1602 atque

202 1611 300 1678 etiam
322 1610 448 1724 gratiae¹
465 1635 539 1702 ago.
777 1605 782 1639 ²
1695 1601 1698 1608 Δ

859 2089 1183 2176 caputl.
1311 2091 1316 2122 ⁶

976 2244 1006 2324 §-
1033 2243 1061 2325 1,

355 2358 405 2424 Ac
425 2359 564 2448 primum
586 2359 725 2447 quidem,
746 2361 777 2425 si
798 2362 869 2448 quis
892 2359 1046 2426 librorum
1068 2362 1358 2448 manuscriptorum
1382 2365 1522 2452 vestigia
1549 2377 1614 2463 tam
1641 2371 1737 2434 anxie
1763 2393 1832 2460 pre·

206 2477 326 2544 menda
347 2500 418 2544 esse
440 2488 572 2545 censeat
592 2489 628 2545 ut
649 2481 781 2566 operam
803 2481 833 2544 ei
854 2480 992 2567 perdere
1013 2480 1185 2546 videantur
1211 2482 1266 2567 qui
1294 2480 1356 2545 hoc
1375 2482 1629 2570 interpolationis
1656 2481 1833 2574 genus'vel

204 2598 361 2685 indagare
378 2597 529 2665 studeant
548 2598 602 2664 vel
616 2597 799 2683 emendare,
821 2598 864 2664 ad
887 2621 960 2664 eum
980 2598 1190 2664 refellendum
1211 2602 1450 2688 peropportune
1472 2603 1598 2689 accidit,
1620 2616 1655 2670 ut
1676 2604 1778 2673 tribus
1799 2610 1833 2673 in

204 2719 282 2784 locis
304 2717 426 2784 diserta
446 2719 727 2805 grammaticorum
753 2719 937 2784 testimonia
963 2715 1114 2784 lectiones
1143 2721 1299 2805 genuinas
1327 2723 1525 2787 servantium
1551 2723 1593 2788 ad
1620 2735 1731 2790 nostra
1756 2738 1833 2791 tern-

201 2859 283 2927 pora
303 2839 520 2926 pervenerint.
533 2837 679 2903 'Eorum
700 2861 783 2903 unus
800 2839 896 2904 etiam
917 2837 951 2902 in
966 2838 1113 2903 Mediceo
1128 2837 1337 2925 interpolatus
1360 2851 1468 2934 exstat
1490 2841 1619 2928 (Agam.
1641 2827 1672 2910 vss
1693 2847 1756 2912 267
1779 2843 1833 2912 ἀπ’

201 2954 339 3041 ἀγγέλου
360 2955 462 3052 νουρὸς
481 2979 541 3045 pro
568 2954 623 3023 ἀνά
645 2955 791 3043 ἀγγάρου
818 2956 928 3044 πυρὸς.
958 2957 996 3023 cf.
1023 2957 1202 3023 Hermanni
1223 2956 1474 3044 adnotationem,
1501 2982 1598 3047 quem
1622 2962 1656 3026 in
1680 2985 1832 3029 versuum

198 3099 332 3144 numero
360 3067 570 3164 significando
593 3075 788 3164 sequimur),
817 3075 882 3142 duo
910 3077 942 3142 iu
964 3077 1163 3142 Famesiano
1192 3087 1224 3143 et
1251 3077 1439 3144 Florentino
1475 3077 1602 3166 (rigam.
1627 3103 1659 3146 v·
1682 3081 1754 3166 655,
1776 3083 1832 3148 ubi

199 3194 344 3285 Toupius
371 3219 414 3262 ex
435 3197 593 3286 Hesychii
610 3196 716 3261 lexico
744 3195 884 3261 restituit
903 3196 1030 3282 χλωρόν
1050 3221 1082 3261 τε
1103 3203 1157 3262 καὶ
1177 3197 1338 3281 βλέποντα
1364 3219 1423 3284 pro
1445 3196 1600 3263 librorum
1620 3197 1757 3265 lectione
1778 3207 1832 3266 aot

200 3317 302 3395 ζῶντα
323 3322 378 3382 καὶ
397 3317 568 3401 βλέποντα,
588 3314 779 3402 Agamemn.
799 3339 832 3382 v,
848 3299 941 3400 1242,
962 3313 1017 3381 ubi
1034 3313 1074 3380 G.
1089 3313 1278 3381 Dindorfius
1292 3313 1497 3382 scribendum
1512 3337 1582 3382 esse
1599 3317 1708 3384 docuit
1728 3320 1831 3406 ἄραρε

200 3437 310 3522 γάρτις
330 3435 424 3522 ὅρκος
444 3437 479 3502 ἐν
501 3440 591 3501 θεῶν
611 3439 713 3520 μέγας
734 3455 792 3521 pro
815 3435 854 3498 iis
877 3457 960 3521 quae
981 3436 1015 3498 in
1035 3434 1125 3500 libris
1138 3435 1288 3522 leguntur
1309 3432 1473 3520 ἀμόμοταο
1492 3434 1555 3522 γάρ
1571 3435 1665 3520 ὅρκος
1685 3438 1721 3502 έν
1738 3443 1832 3504 θεῶν

198 3557 323 3641 μέγας).
363 3537 515 3622 Οοῐονιάυ
537 3554 615 3620 nihil
637 3564 687 3620 est
701 3555 844 3638 caussae,
867 3575 924 3618 cur
946 3552 1042 3618 etiam
1063 3577 1095 3620 v.
1109 3554 1173 3620 276
1196 3553 1282 3640 quod
1305 3553 1554 3641 libripraebent
1575 3554 1716 3638 ἀγγέλου
1735 3563 1832 3643 μέρος

199 3687 374 3760 mutemus;
402 3697 499 3741 versu
527 3676 593 3740 274
619 3647 756 3738 fortasse
785 3672 992 3739 scribendum
1027 3695 1098 3738 esse
1120 3675 1365 3760 παρηγγάρευσε
1391 3693 1450 3760 pro
1472 3674 1720 3758 παραγγείλασα
1747 3677 1831 3741 infra

199 3793 390 3860 videbimus.
433 3793 542 3859 Etiam
556 3783 713 3881 Hesychii
733 3793 837 3859 verba
857 3795 939 3876 yolo
960 3783 1053 3870 κόνις,
1077 3791 1098 3879 ἡ
1119 3797 1160 3880 γῆ
1181 3793 1224 3858 ad
1240 3791 1371 3879 Septem
1385 3791 1514 3858 fabulae
1528 3795 1737 3860 versum‘lll
1761 3797 1830 3878 (aot

115 3901 126 3914 ’
198 3917 320 3998 χθονία
342 3915 427 3991 κόνις
447 3913 531 4007 trip),
555 3914 610 4004 qui
630 3914 764 3979 metrico
785 3913 865 3979 vitio
887 3909 1023 3995 laborat,
1044 3910 1216 3976 referenda
1237 3933 1309 3976 esse
1324 3911 1502 3977 Hermanni
1523 3911 1584 3977 fuit
1604 3914 1743 4000 suspicio
1758 3936 1829 4002 per

198 4048 296 4122 <ruam¹
309 4032 496 4122 probabilis.
531 4033 682 4120 Denique
696 4054 801 4121 neque
815 4030 999 4096 Promethei
1020 4052 1117 4096 versu
1136 4031 1214 4116 380,
1237 4027 1278 4096 de
1300 4051 1363 4117 quc
1384 4030 1471 4095 infra
1492 4029 1736 4118 disputabimus,
1758 4033 1830 4098 Plu-

199 4151 302 4219 tarchi
323 4153 540 4219 testimonium
563 4161 612 4217 est
637 4151 867 4239 negligendum
893 4171 999 4237 neque
1026 4151 1060 4214 in
1083 4150 1229 4237 ejusdem
1255 4149 1384 4216 fabulae
1410 4174 1443 4217 v.
1464 4151 1530 4216 214
1556 4171 1640 4238 quae
1667 4151 1830 4241 adscripta
1938 4226 1940 4234 ¹

199 4277 273 4338 aunt
293 4271 489 4360 glossemata
509 4273 544 4336 in
559 4269 814 4370 Guelferbytano
830 4268 902 4345 τοὺς
914 4270 1072 4354 μείζονας,
1095 4271 1128 4333 in
1150 4267 1238 4357 Lips.
1259 4271 1281 4336 2
1303 4280 1336 4336 et
1350 4265 1458 4336 Ox'on.
1479 4267 1551 4346 τοὺς
1570 4270 1738 4354 μεγάλους,
1762 4268 1851 4358 qui*

197 4390 258 4457 hus
286 4389 441 4479 probatur
461 4389 601 4455 Medicei
621 4390 793 4456 lectionem
814 4386 1027 4475 ὑπερέχοντας
1046 4363 1366 4476 interpretamentum
1388 4409 1459 4454 esse
1475 4388 1627 4478 adjectivi
1648 4385 1826 4473 ὑπέρτερος,

196 4509 283 4598 quod
299 4509 505 4576 Hermannus
520 4511 651 4598 recepit,
667 4507 861 4597 comparatis
879 4507 1024 4597 plurimis
1038 4507 1253 4595 glossatorum
1266 4508 1344 4575 locis
1360 4505 1415 4575 ubi
1430 4507 1624 4595 adjectivum
1637 4506 1717 4574 illud
1730 4507 1828 4577 modd

196 4619 358 4717 adjectivo
379 4629 496 4724 peltas
516 4628 613 4696 modo
634 4629 803 4718 participio
825 4625 990 4713 ὑπερέχων
1011 4626 1211 4725 explicatur.¹
1232 4649 1233 4654 ¹
