4148 5618
1014 495 1219 571 ...fl-..-

710 731 771 793 σύν
792 729 965 814 φθιμένων
986 725 1119 809 ἀνάγειν

575 903 589 912 .
632 927 635 940 Ι
710 846 792 921 Ζεύς
813 844 1002 910 ἀπέπαυσεν
1023 845 1248 930 ἐπεςβολιάων.

457 965 553 1046 Quod
574 967 600 1030 si
623 965 673 1029 cui
695 966 851 1052 synizesis
872 985 937 1028 non
955 949 1092 1052 placeat,
1112 966 1140 1028 is
1166 966 1200 1028 in
1219 938 1352 1048 stropha
1372 959 1460 1046 legat
1480 958 1628 1046 ἄφαντον
1649 956 1681 1032 ἐς
1703 961 1793 1041 ἕρμα.
1843 955 1930 1022 Wei-

304 1083 364 1150 lius
387 1087 565 1171 suspicatus
588 1095 637 1149 est
651 1069 865 1149 scribendum
886 1083 974 1166 βέλει
996 1083 1167 1168 δμαθέντα
1185 1080 1238 1147 vel
1259 1087 1336 1165 nupt
1357 1079 1526 1163 βλαβέντα,
1558 1075 1616 1140 sed
1644 1098 1754 1141 eorum
1779 1073 1859 1140 illud
1883 1077 1929 1138 ni-
1969 1066 1971 1122 l

304 1205 402 1268 mium
429 1183 523 1268 abest
537 1225 570 1268 -a
591 1203 737 1268 codicum
762 1202 912 1286 lectione,
941 1201 1003 1266 hoc
1029 1203 1122 1266 nimis
1150 1201 1332 1288 pedestrem
1360 1198 1537 1262 orationem
1565 1195 1659 1281 sapit.
1712 1193 1804 1276 Quae
1825 1204 1929 1260 autem

305 1321 490 1387 Schmittius
510 1311 616 1408 ¹nuper
636 1321 767 1408 protulit
791 1320 980 1404 (observatt.
1003 1323 1070 1386 crit.
1093 1321 1127 1384 in
1148 1319 1265 1386 Aesch.
1287 1319 1349 1405 Ag.
1372 1341 1404 1402 p.
1427 1315 1501 1399 19),
1523 1325 1630 1380 tacere
1651 1323 1804 1401 praestat
1931 1388 1936 1398 Ι

370 1477 372 1480 -
456 1440 720 1528 Choephororum
740 1464 772 1508 v.
793 1441 855 1506 812
876 1461 963 1526 sqq.:
1033 1453 1036 1464 ·

711 1557 751 1623 σύ
773 1558 810 1622 δὲ
832 1562 979 1643 θαρσύν,
1003 1557 1052 1623 ὄπ’
1075 1561 1117 1622 ἂν
1138 1557 1195 1648 dorp
1216 1561 1313 1641 μέρος
1334 1554 1445 1640 ἔργων,

711 1675 855 1753 ἐπαύσας
876 1677 997 1761 πατρὸς
1018 1675 1110 1765 ἔργῳ,

712 1797 862 1878 θροούσᾳ
884 1794 969 1880 πρὸς
991 1801 1026 1860 σὲ
1048 1799 1167 1861 τέκνον
1176 1791 1297 1880 πατρὸς
1320 1791 1435 1868 addolor,
1977 1681 1983 1968 l3

712 1921 766 1978 καὶ
787 1919 950 1998 περαίνων
972 1915 1163 2001 ε’πίμομφαν
1185 1914 1267 1978 ἄταν
1470 1997 1473 2002 .

300 2027 369 2111 jam
387 2026 511 2112 pridem
527 2032 705 2117 suspicatus
728 2055 815 2096 eram
845 2031 995 2097 Orestem
1016 2034 1150 2117 moneri,
1172 2041 1207 2097 ut
1227 2033 1329 2118 patris
1352 2051 1470 2094 nomen
1491 2029 1585 2094 matri
1607 2025 1812 2110 acclamaret,
1835 2051 1931 2114 quum

306 2156 372 2210 mat
373 2168 408 2210 er
359 2147 486 2212 tlilii
507 2151 636 2213 nomine
660 2173 732 2216 cum
754 2150 961 2254 appellasset,
985 2151 1051 2236 sed,
1074 2173 1137 2238 quo
1158 2150 1254 2216 modo
1278 2171 1350 2216 eum
1372 2171 1500 2242 sensum
1521 2155 1637 2234 poetae
1657 2145 1766 2212 verbis
1788 2147 1932 2210 restitue-
1985 2205 1988 2236 3

215 2278 217 2291 '
306 2285 384 2350 rem,
408 2265 528 2333 dubius
544 2267 727 2354 haerebam,
751 2270 854 2368 donec
869 2271 1050 2357 Engerus
1040 2293 1075 2335 ιο
1093 2271 1359 2335 commentatione
1382 2267 1423 2333 de
1445 2267 1507 2331 hoo
1527 2265 1666 2330 carmine
1686 2286 1766 2329 mus.
1787 2263 1932 2332 Rhenan
1986 2236 1990 2386 )

206 2377 210 2388 ’
308 2385 399 2451 1857
420 2409 472 2450 me
495 2387 623 2452 edocuit
640 2383 746 2454 verba
767 2391 917 2473 θροούσᾳ
939 2387 1020 2472 πρὸς
1041 2393 1076 2453 σὲ
1097 2390 1307 2475 interpretum
1328 2407 1400 2450 esse
1421 2383 1704 2469 scribendumque:

715 2507 754 2572 σύ
780 2509 816 2574 δὲ
837 2513 983 2592 θαρσῶν,
1008 2505 1056 2572 ὅτ’
1079 2510 1121 2573 αν
1142 2507 1199 2600 ἥκῃ
1220 2505 1358 2592 μέρος
1338 2529 1449 2590 εργων,

714 2627 859 2702 ἐπούσας
879 2624 1001 2709 πατρὸς
1021 2624 1129 2692 αὐδάν

596 2813 598 2820 3
713 2749 880 2830 θρεομένα
898 2751 1015 2824 τέκνον,

528 2891 530 2895 ·
635 2909 637 2912 -
714 2865 841 2950 πέραιν’
864 2861 921 2929 oda
942 2865 1173 2952 ἐπίμομφον
1150 2889 1231 2931 αεαν
1997 2921 1998 2965 3

458 2983 641 3048 Promethei
662 3005 759 3048 versu
781 2985 854 3067 3o0,
874 2983 961 3070 quod
976 3005 1087 3048 omnes
1109 2984 1183 3049 libri
1199 2982 1320 3048 habent
1341 2979 1436 3068 ὀργῆς
1449 2982 1605 3067 νοσούσης
1619 2918 1699 3049 εἰσὶν
1720 2985 1823 3068 ἰατροὶ
1843 2967 1999 3067 λόγονἒ

189 3169 193 3175 ,
307 3109 490 3187 corruptum
513 3123 584 3166 esse
606 3113 751 3189 apparet,
775 3103 936 3188 quoniam,
958 3112 994 3168 ut
1014 3103 1219 3169 Hermannus
1242 3101 1436 3185 observavit,
1468 3103 1496 3166 si
1523 3100 1602 3189 quid
1622 3101 1807 3190 simpliciter
1828 3117 1934 3171 vocato
2000 3173 2002 3176 ⁴

307 3219 431 3305 dicitur,
456 3221 486 3284 ci
513 3221 711 3306 significatur
734 3221 847 3286 deesse
875 3221 1007 3308 aliquid,
1029 3225 1198 3309 quominus
1229 3222 1264 3288 id
1296 3222 1339 3287 sit
1364 3219 1451 3308 quod
1479 3243 1538 3309 pro
1565 3229 1681 3286 nahura
1710 3243 1780 3286 esse
1802 3221 1934 3289 ‚debeat
2001 3247 2004 3320 ³,

307 3335 459 3402 Ceterum
482 3339 569 3425 quod
590 3340 795 3407 Hermannus
817 3363 860 3406 ex
881 3340 1044 3406 Plutarchi
1066 3327 1218 3408 consolat.
1240 3341 1283 3406 ad
1304 3339 1454 3428 Apollon.
1476 3361 1508 3426 p.
1532 3341 1592 3406 102
1614 3339 1652 3404 B.
1680 3350 1713 3405 et
1733 3339 1880 3407 Eustath.
1902 3365 1933 3430 p.
2004 3429 2006 3434 3

306 3459 379 3540 696,
403 3459 444 3524 33
471 3460 593 3546 recepit
614 3464 722 3546 ψυχῆς
743 3461 897 3546 νοσούσης
918 3483 988 3547 sqq.
1009 3460 1157 3548 praefero
1178 3458 1343 3524 Dindorfii
1364 3457 1594 3541 emendationi,
1623 3459 1678 3544 qui
1708 3458 1824 3525 collato
1851 3461 1935 3525 The·

305 3577 404 3640 mistii
425 3577 495 3641 loco
519 3578 628 3662 (oratt.
650 3579 734 3663 Vll,
756 3601 830 3666 pag.
853 3579 909 3663 98)
933 3580 1035 3644 edidit
1056 3579 1152 3669 ὀργῆς
1166 3580 1305 3665 ζεούσρς.
1343 3577 1506 3676 Quamvis
1522 3578 1607 3642 enim
1621 3587 1730 3664 aptam
1744 3581 1934 3644 sententiam

306 3715 346 3758 ea
374 3693 467 3759 lectio
495 3696 660 3783 praebeat,
687 3707 796 3763 tamen
817 3701 875 3764 vix
901 3709 1009 3786 potest
1030 3699 1201 3787 explicari,
1222 3697 1384 3786 quomodo
1407 3697 1585 3784 depravata
1607 3696 1656 3761 sit
1702 3695 1825 3763 Oontra
1844 3700 1934 3763 vocis

253 3893 256 3898 Ι
307 3809 405 3898 οργῆς
425 3815 516 3900 origo
538 3837 605 3879 non
626 3825 675 3880 est
662 3816 804 3883 tdubia
848 3817 955 3900 Quum
978 3819 1063 3883 enim
1085 3819 1212 3884 dativus
1234 3817 1312 3906 ὀργῇ
1338 3817 1520 3903 adscriptus
1547 3815 1661 3881 fuisset
1686 3816 1854 3902 participio
1875 3840 1933 3882 νο-
2010 3793 2012 3807 ³

270 3911 273 3915 ³
307 3933 436 4017 σούσης,
465 3932 560 3997 facile
586 3933 658 3998 lieri
687 3938 798 4021 potuit,
825 3945 861 4002 ut
886 3937 1051 4023 genetivo·
1064 3945 1241 4002 mutaretur
1267 3946 1300 4002 et
1325 3937 1500 4024 genuinum
1526 3932 1718 4000 vocabulum
1747 3939 1856 4021 ψυχῆς
1876 3957 1934 4002 suo
2012 3907 2014 3946 ³

306 4050 376 4116 loco
397 4049 539 4137 pelleret
594 4051 656 4118 Oet
643 4063 746 4120 terum
772 4057 903 4120 memini
931 4057 1027 4121 etiam
1055 4056 1142 4143 apud
1167 4055 1383 4122 Gesnerum
1372 4071 1408 4120 m
1428 4054 1579 4120 thesauro
1607 4053 1666 4118 suh
1689 4074 1768 4118 vooe
1791 4052 1934 4138 „oratio“
2016 4118 2017 4121 ,

308 4181 436 4234 exstare
465 4175 581 4256 ψυχῆς
606 4172 702 4259 quod,
730 4185 830 4262 quant
832 4199 884 4240 um
906 4176 987 4260 sci0,
1007 4197 1073 4240 non
1094 4185 1304 4241 memoratum
1333 4184 1382 4240 est
1402 4173 1444 4239 ab
1467 4173 1530 4239 ullo
1554 4171 1686 4240 editore.
2017 4263 2018 4272 3

282 4323 285 4330 .
392 4319 394 4324 ς
459 4289 631 4376 Languida
651 4291 706 4355 illa
728 4291 878 4378 epitheta,
900 4293 1016 4380 quibus
1038 4293 1254 4380 Amphiaraus
1275 4293 1317 4359 ab
1339 4293 1473 4359 Eteocle
1495 4292 1675 4380 appellatur
1697 4292 1800 4380 (Sept
1823 4317 1855 4358 v
1877 4291 1932 4376 59)
2017 4277 2018 4290 ³

309 4407 456 4495 σώφρων,
480 4407 612 4486 δίκαιος,
636 4407 774 4490 ἀγαθὸς,
799 4409 970 4498 εύσεβης
948 4414 1029 4499 ανήρ
1044 4435 1109 4479 non
1125 4412 1167 4480 ab
1182 4413 1345 4501 Aeschylo
1360 4413 1505 4501 profecta
1526 4434 1598 4478 esse
1613 4405 1803 4476 Ritsohelius
1826 4407 1934 4474 obscr-

307 4527 405 4592 vavit
435 4526 486 4605 (ln
505 4505 615 4591 Jahnii
632 4528 738 4596 annal.
756 4529 865 4616 1858.)

461 4643 542 4712 Aliis
564 4645 642 4712 locis
663 4647 698 4714 id
720 4649 867 4718 effectum
889 4671 980 4717 esse
977 4649 1061 4736 dixi,
1086 4660 1133 4718 ut
1142 4650 1195 4717 vel
1222 4673 1280 4718 sen
1279 4654 1399 4720 tentiae
1426 4649 1479 4718 vel
1505 4648 1680 4738 singularia
1704 4645 1899 4798 voppbule
1889 4671 1936 4712 m·
