4272 5632
436 1663 522 1811 lto
543 1593 964 1842 glossematum
989 1664 1049 1812 tn
1072 1654 1344 1839 assent
1365 1665 1581 1814 tatutis
1604 1669 1839 1820 antttu

319 2110 498 2247 Plurimae
520 2189 618 2254 quum
639 2178 714 2233 sunt
735 2189 869 2234 caussae
892 2167 1009 2256 quibus
1031 2169 1180 2234 effectum
1202 2171 1251 2254 sit,
1274 2180 1310 2235 ut
1323 2168 1478 2256 Aeschyli
1499 2168 1629 2236 fabulae
1648 2174 1838 2260 turpissimis
1859 2173 1944 2238 vitiis

317 2284 502 2370 inquinatae
534 2286 579 2352 ad
609 2297 753 2353 noemam
786 2298 924 2353 aetatem
957 2289 1179 2376 pervenerint,
1211 2301 1278 2354 tum
1304 2311 1403 2354 unum
1431 2289 1632 2377 corruptelae
1659 2312 1760 2376 genus
1792 2289 1946 2357 latissime

318 2405 474 2490 serpsisse
497 2415 631 2490 constat,
646 2407 734 2494 quod
755 2427 821 2474 non
842 2407 956 2473 calami
977 2406 1122 2496 lapsibus
1144 2418 1249 2474 ortum
1271 2417 1329 2494 est,
1351 2406 1411 2473 sed
1431 2428 1588 2496 perversa
1602 2407 1805 2476 librariorum
1826 2409 1879 2475 vel
1900 2412 1946 2475 in-

317 2521 407 2585 curia
427 2521 481 2588 vcl
495 2523 663 2611 industria,
687 2547 727 2591 ea
747 2549 831 2614 qnae
852 2529 1126 2614 interpretationis
1148 2549 1247 2593 causa
1274 2525 1316 2593 ab
1339 2524 1522 2592 homiuibus
1544 2526 1647 2594 doctis
1670 2527 1834 2618 adscripta
1854 2541 1947 2598 erant

315 2642 393 2728 ipsis
414 2655 532 2730 poetae
553 2643 663 2712 verbis
684 2645 939 2714 admiscentium.
975 2647 1020 2713 Et
1041 2647 1098 2714 diu
1117 2647 1178 2712 fuit
1198 2669 1298 2734 quum
1318 2647 1375 2736 qui
1396 2645 1440 2715 ad
1454 2645 1609 2734 Aeschyli
1629 2645 1755 2714 fabulas
1777 2649 1948 2718 emendan-

317 2757 375 2824 das
398 2760 593 2830 accederent
612 2763 656 2830 ad
677 2764 739 2830 hoc
759 2764 1016 2852 interpolationis
1042 2787 1146 2854 genus
1167 2765 1273 2832 minus
1294 2761 1523 2850 adtenderent,
1546 2787 1739 2854 quamquam
1761 2768 1845 2832 inter
1866 2769 1946 2834 anti-

316 2883 445 2970 quiores
465 2881 617 2970 Amans,
637 2883 791 2972 Toupius,
819 2881 989 2970 Oantcrus,
1009 2876 1288 2970 Heathius,'iriter
1313 2884 1510 2950 recentiores
1529 2883 1782 2981 Bumbergerus·
1796 2894 1828 2950 et
1847 2886 1947 2952 Fran-

316 3003 384 3066 nins
416 3000 571 3070 nonnulla
596 3001 733 3070 feliciter
768 3001 974 3092 indagarunt
1029 3004 1206 3071 Hermanni
1243 3003 1373 3070 demum
1399 3001 1546 3068 divinum
1571 3005 1736 3092 ingenium
1762 3005 1869 3092 turpia
1893 3005 1947 3073 illa

315 3119 434 3186 menda
454 3144 498 3186 ex
518 3121 673 3211 Aeschyli
694 3123 870 3210 tragoediis
892 3145 1044 3210 magnam
1065 3135 1191 3212 partem
1208 3121 1348 3190 sustulit
1391 3120 1494 3188 Multa
1508 3133 1616 3188 tamen
1631 3144 1702 3192 essa
1717 3121 1843 3190 constat
1864 3146 1946 3214 quae

315 3242 366 3306 vir
386 3239 607 3308 immortaliter
634 3241 676 3308 de
697 3240 896 3310 nobilissimo
923 3253 1021 3330 poeta
1045 3244 1179 3310 meritus
1199 3252 1401 3330 posterorum
1427 3242 1512 3306 curis
1539 3238 1706 3330 reliquerit
1731 3241 1945 3330 perficienda3

316 3362 413 3438 etiarn
438 3359 635 3465 glossemata
662 3383 727 3428 non
756 3383 861 3464 pauca
886 3363 1008 3428 intacta
1029 3362 1187 3428 mansisse
1209 3382 1320 3426 eorum
1346 3337 1628 3426 commentatihnes
1651 3359 1870 3448 probaverunt
1890 3367 1946 3452 qui

315 3480 415 3548 nobili
437 3481 612 3546 certamine
633 3491 708 3567 post
732 3481 913 3548 Hermanni
935 3479 1058 3547 obitum
1084 3481 1118 3547 iu
1138 3478 1293 3570 Aeschyli
1315 3477 1432 3546 fabulis
1454 3477 1665 3544 emendandis
1691 3501 1827 3568 operam
1847 3501 1945 3546 nava

315 3610 440 3686 verunt
481 3600 602 3690 ltaque
622 3597 777 3687 Aeschyli
798 3599 995 3668 amatoribus
1017 3621 1083 3666 non
1104 3601 1266 3690 ingranam
1288 3621 1348 3666 nos
1370 3597 1511 3666 facturos
1533 3619 1605 3663 esse
1628 3615 1809 3686 speramus,
1833 3601 1860 3666 si
1882 3622 1947 3666 om-
2062 3641 2063 3672 r

314 3739 372 3783 nes
394 3741 449 3784 eos
471 3718 558 3786 locos
579 3720 778 3800 recensendo
800 3721 856 3806 qui
878 3741 951 3786 eam
972 3721 1188 3808 suspicionem
1210 3729 1344 3786 movent
1365 3716 1591 3805 disquiramus,
1614 3715 1671 3783 ubi
1693 3719 1762 3784 sine
1777 3717 1842 3784 nlla
1856 3718 1947 3785 dubi-

314 3839 435 3910 tatione
456 3842 491 3907 id
512 3840 768 3928 interpolationis
788 3861 892 3927 genus
914 3841 956 3905 sit
976 3839 1232 3926 agnoscendum
1262 3859 1329 3904 non
1360 3857 1480 3924 paucos
1510 3848 1638 3902 exstare
1667 3836 1755 3902 locos
1776 3838 1947 3926 apparebit

314 3963 369 4050 qni
390 3959 444 4026 vel
465 3959 699 4026 dubitationem
719 3968 872 4025 moveant
892 3957 945 4024 vel
965 3957 1155 4025 vindicandi
1175 3958 1240 4022 sint
1260 3956 1303 4024 ab
1327 3956 1484 4044 ejusmodi
1504 3954 1748 4044 suspicionibus.
1796 3957 1841 4022 Ut
1861 3960 1946 4024 enim

275 4089 285 4131 ’-
314 4080 387 4148 lieri
413 4077 508 4162 solet,
541 4078 603 4144 hac
629 4099 757 4164 quoque
787 4079 822 4142 in
854 4099 890 4142 re
921 4077 1064 4144 virorm
1096 4074 1299 4165 quorumdam
1332 4073 1499 4142 doctorum
1530 4073 1721 4140 industriam
1752 4071 1838 4142 haud
1869 4098 1944 4144 raro

314 4200 447 4266 nimium
467 4197 610 4264 molitam
642 4218 713 4262 esse
735 4195 938 4262 arbitramur.
994 4193 1158 4281 Ceterum,
1190 4217 1232 4260 ne
1267 4216 1323 4260 ecs
1357 4194 1439 4262 fines
1461 4193 1682 4282 transgrediar
1716 4193 1832 4282 quibus
1855 4194 1946 4262 scho-

313 4319 445 4386 lasticae
466 4319 750 4384 commentationes
771 4321 970 4400 coercentur,
991 4315 1085 4380 unius
1108 4315 1228 4382 codicis
1249 4313 1390 4382 Medicei
1410 4314 1534 4380 ratione
1556 4311 1668 4380 habita
1690 4312 1944 4402 disquisitionem

313 4439 493 4522 instituam
522 4437 561 4500 iis
582 4446 691 4502 tamen
712 4434 790 4501 locis
807 4434 873 4528 ¹nbi
900 4433 1020 4500 codicis
1041 4433 1180 4500 Medicei
1208 4432 1399 4502 lectionibus
1426 4432 1571 4498 destituti
1597 4454 1705 4496 sumus
1728 4431 1944 4520 (Agamemm.

312 4580 345 4626 v.
354 4556 556 4640 295-1026,
577 4560 658 4622 1118
668 4554 712 4620 ad
722 4555 778 4624 lin
789 4553 904 4643 nsque)
918 4555 1015 4620 etiam
1026 4553 1220 4620 Famesiani
1234 4564 1267 4619 et
1278 4551 1456 4620 Florentini
1466 4551 1619 4618 lectiones
1634 4551 1666 4614 in
1678 4548 1943 4636 disceptationem

310 4674 446 4742 rumbo.
491 4673 616 4755 Quodsi
638 4695 703 4740 non
725 4676 866 4742 omnium
889 4695 999 4739 eorum
1019 4673 1177 4740 rationem
1197 4671 1297 4743 habui
1319 4693 1403 4760 quac
1423 4693 1445 4738 a
1465 4672 1544 4738 uiris
1567 4669 1669 4736 doctis
1696 4667 1810 4747 hocin
1823 4691 1943 4758 genere
