4148 5618
1007 445 1232 566 55³-
1302 475 1306 482 ’

910 735 914 742 .
1035 682 1128 762 .§.
1155 681 1230 768 2
1983 733 1985 762 2

481 795 572 863 Alios
593 819 658 862 non
684 798 814 884 repperi
840 796 945 863 locos
957 710 1074 885 quibus
1100 810 1169 866 tam
1198 720 1353 887 exoptato
1379 733 1536 878 subsidia
1543 748 1646 862 critici
1673 805 1777 862 artem
1797 751 1961 885 adjuvent

329 909 406 982 Jam
427 937 483 981 eos
505 915 736 1005 subjungamus
757 914 815 982 ubi
835 911 1032 1004 glossemata
1052 919 1237 1003 effecerunt,
1260 927 1295 982 ut
1315 912 1369 982 vel
1383 914 1537 980 rationes.
1553 916 1784 1001 grammaticae
1805 914 1962 982 violaren-

329 1044 391 1100 tur.
412 1051 415 1059 ’
435 1033 474 1098 Ιιι
497 1032 685 1123 Supplicum
704 1052 802 1100 versu
823 1035 886 1100 tat
907 1043 1035 1122 turpem
1050 1035 1272 1101 soloecismum
1285 1039 1378 1118 βίαια
1398 1030 1442 1119 μὴ
1466 1031 1573 1120 φιλεῖς
1594 1029 1679 1120 ὅριῖιν
1699 1032 1875 1100 tollendum
1890 1057 1961 1101 esse
1985 1031 1987 1033 ¹

329 1162 467 1240 apparet
492 1152 760 1240 scribendumque
785 1153 1068 1220 cum'Hermaunc
1086 1153 1130 1242 dd
1153 1155 1287 1246 σιέρξῃς.
1341 1151 1452 1216 Etiam
1476 1152 1512 1217 in
1537 1151 1648 1240 Ajacis
1679 1175 1777 1219 versu
1807 1149 1871 1221 499
1901 1176 1961 1242 pro

329 1270 484 1338 librorum
511 1272 648 1337 lectione
670 1274 753 1350 ἕξειν
779 1271 1085 1338 scribendumesse
1107 1275 1245 1364 στέρξειν
1271 1269 1535 1336 Schneidewinus
1557 1273 1737 1360 suspicatus
1760 1282 1824 1357 est;
1846 1295 1962 1340 caussa

331 1391 531 1478 corruptelae
554 1375 669 1457 eadem
691 1413 762 1456 esse
783 1390 922 1458 videtur.
971 1391 1097 1456 Eodem
1118 1391 1198 1456 vitio
1219 1389 1346 1454 laborat
1374 1386 1476 1454 oratio
1497 1374 1664 1455 Mineruae
1686 1389 1822 1457 Eumen
1844 1414 1876 1457 v.
1898 1392 1962 1459 470

331 1506 389 1596 (μοὶ
411 1511 551 1595 πύκασε)
573 1532 669 1596 quem
690 1510 795 1576 locum
813 1509 901 1577 infra
915 1510 1095 1576 afferemus.
1133 1506 1488 1596 CeterumSupplicum
1502 1506 1658 1592 locusut
1677 1509 1768 1576 multi
1790 1509 1853 1596 elii⁷
1875 1509 1961 1576 lucu·

331 1627 434 1694 lenter
456 1628 551 1694 docet
571 1651 637 1694 non
657 1651 786 1730 semper
806 1628 972 1696 literarum
991 1629 1144 1694 ducturun
1165 1626 1373 1728 similitudine
1395 1627 1544 1692 effectum
1559 1649 1647 1714 esse,
1669 1637 1705 1694 ut
1724 1601 1961 1716 intelpretatio
1991 1671 1993 1736 2

329 1768 388 1810 nes
411 1745 594 1835 adscriptale
617 1748 718 1834 ipsius
739 1757 857 1834 poetae
879 1748 989 1814 verbis
1014 1749 1276 1832 admiscerentur,
1303 1769 1368 1832 qua
1392 1767 1428 1810 re
1455 1768 1616 1834 perpensa
1636 1767 1733 1834 quam
1756 1744 1894 1812 liberum
1921 1749 1962 1813 sit
1992 1787 1994 1842 2

331 1865 526 1932 emendandi
547 1864 715 1932 arbitrium
737 1877 883 1953 apparet.
926 1869 966 1933 ln
988 1866 1077 1955 Sept.
1098 1866 1227 1934 fabulae
1249 1889 1281 1932 v.
1302 1866 1368 1932 200
1387 1862 1460 1941 τοὺς
1480 1869 1533 1951 σῆς
1554 1861 1694 1951 ἁλούσης
1713 1865 1839 1942 πόλεως
1858 1866 1961 1931 ἐκλεί-
1992 1843 1995 1972 2

334 2010 408 2052 πιιν
439 1987 535 2068 λόγος
566 1986 723 2068 (ἐκλιπεῖν
754 2009 803 2072 pr.
838 2009 881 2052 m.
913 1985 1096 2070 articulum)
1129 2009 1230 2073 prave
1264 2007 1336 2050 esse
1367 1985 1506 2070 positum
1540 1985 1603 2049 viri
1629 1982 1715 2050 docti
1748 1986 1961 2052 consentiunt
1993 1973 1996 2092 2

331 2106 417 2170 Huic
438 2126 565 2192 quoque
587 2103 658 2168 loco
679 2105 890 2192 interpretum
909 2105 1013 2172 verba
1025 2105 1115 2172 illata
1128 2127 1201 2171 esse
1215 2105 1361 2172 Prienius
1376 2103 1458 2169 uidit
1473 2104 1520 2188 (in
1535 2103 1639 2190 symb
1653 2104 1771 2189 criticis
1785 2103 1830 2169 ad
1843 2102 1996 2170 Aesch.
1995 2093 1997 2226 2

333 2224 464 2310 Septem
484 2223 637 2290 Lubecae
661 2223 743 2289 1858
766 2223 861 2288 editis
883 2245 957 2310 pag.
979 2225 1163 2312 55),0ujus
1186 2225 1403 2312 conJecturam
1426 2228 1546 2308 Τροίας
1567 2220 1707 2309 ἀλούσης
1728 2223 1854 2300 πόλεως
1873 2223 1960 2289 ἐκλι-
1996 2227 1998 2318 2

332 2357 406 2408 πεῖν
433 2343 528 2426 λόγος
549 2344 643 2408 unice
664 2341 776 2430 probo
812 2341 947 2426 Addere
969 2353 1097 2430 poterat
1119 2345 1214 2408 etiam
1236 2341 1324 2430 apud
1345 2341 1427 2408 ulios
1442 2342 1643 2430 scriptores
1633 2343 1773 2406 muenin
1762 2341 1963 2442 proverbia
1997 2315 1999 2438 2

332 2485 353 2528 a
381 2463 501 2549 TroJ‘ae
529 2463 769 2548 expugnatione
793 2472 928 2548 sumptaJ
949 2462 1038 2528 velut
1060 2462 1147 2550 apud
1168 2462 1305 2528 Theocr.
1333 2461 1419 2546 XV„
1444 2485 1476 2527 v.
1504 2463 1544 2527 61
1573 2461 1606 2538 λς
1628 2463 1964 2548 Τροίανπειριίμινοι
1998 2439 2000 2512 2

249 2575 251 2582 ’
332 2579 440 2667 ἦνθον
466 2579 600 2664 Ἀχαιόν.
648 2581 688 2645 Ιιι
709 2582 748 2645 iis
770 2601 853 2668 quae
877 2580 1135 2668 Clytaemnestra
1148 2592 1260 2652 narrant
1280 2579 1409 2668 (Agam.
1430 2591 1459 2644 v‘.
1482 2579 1560 2664 271)
1576 2561 1682 2668 aegre*
1691 2601 1836 2646 caremus
1850 2581 1962 2667 uerbo,
1999 2558 2002 2678 2

330 2715 367 2766 ut
387 2701 580 2766 constructio
603 2700 805 2786 expediatur.
849 2697 1003 2786 Legimus
1026 2701 1126 2766 enim:

654 2883 658 2894 ,
728 2816 963 2904 ,ὕπερσελήςιι
986 2820 1105 2885 πόνιπν
1126 2818 1185 2895 aiga
1206 2819 1337 2883 νώσισαι

738 2936 831 3020 ἰσχὺς
847 2941 1005 3022 πορεοιοῦ
1026 2937 1199 3022 λαμπάδος
1219 2933 1301 3021 πρὸς
1322 2933 1444 3024 ἡδονήν
1580 2897 1600 2936 .

681 3145 686 3156 Α
736 3054 906 3141 usurpati
927 3061 1145 3142 χρυσοφεγγές
1166 3055 1209 3132 ὥς
1230 3081 1275 3132 τις
1296 3056 1385 3142 ἥλιος

739 3175 835 3251 σέλας
855 3175 1102 3261 παραγγείλασα
1123 3181 1292 3241 Μακίστου
1314 3177 1432 3263 σκοπῷ.

486 3289 624 3358 Omnem
650 3293 700 3358 rei
726 3302 759 3357 et
785 3294 1029 3360 constructionis
1056 3293 1274 3360 difficultatem
1305 3292 1465 3359 sublatam
1492 3302 1643 3386 apparet,
1667 3293 1698 3356 si
1726 3291 1779 3358 vel
1807 3289 1962 3358 Bamber-

331 3395 414 3494 garo
440 3419 571 3476 auctore
600 3432 660 3498 pro
687 3412 857 3498 participio
884 3413 1133 3498 παραγγείλασα
1153 3411 1289 3512 verbum
1309 3411 1435 3478 finitum
1456 3411 1701 3497 παρηγγάριυσι
1723 3395 1962 3495 substituamus,

329 3529 528 3594 nominativo
550 3531 650 3616 πρύιαγ
672 3531 707 3596 in
729 3530 873 3596 dativum
894 3536 1031 3617 mutato,
1051 3505 1112 3596 *vel
1138 3505 1210 3597 cum
1237 3531 1355 3598 Weilio
1383 3553 1442 3618 pro
1469 3530 1670 3598 substantivo
1697 3530 1797 3616 πεύκη
1826 3529 1963 3600 verbum

330 3646 462 3734 aliquod
484 3648 690 3716 scribendum
712 3673 783 3716 esse
805 3673 1003 3716 censeamus.
1046 3651 1183 3716 Weilius
1204 3650 1398 3716 vocabulum
1419 3651 1518 3736 πεύκη
1546 3651 1581 3716 in
1601 3649 1717 3716 lacuna
1736 3649 1842 3718 locum
1862 3648 1961 3716 habu·
2009 3649 2012 3818 2

330 3768 396 3832 issc
417 3769 613 3855 suspicatur,
643 3791 740 3856 quam
768 3779 996 3866 anteversum
1022 3792 1153 3836 versum
1173 3771 1236 3835 271
1263 3780 1443 3836 statuerunt
1464 3769 1670 3836 Thierschius
1693 3777 1726 3835 et
1747 3767 1963 3835 Schneidewi·
2010 3819 2012 3854 2

258 3893 262 3902 ’
331 3887 420 3971 nius;
442 3884 553 3974 ibique
576 3888 739 3954 exsu'tisse
760 3887 863 3954 verba
888 3887 930 3956 ab
952 3888 1116 3986 Hesychio
1144 3899 1322 3955 memorata
1343 3887 1623 3975 προζαιθρίζοοσα
1644 3889 1821 3972 παγιναγιον
1841 3888 1961 3974 φλόγα.
2011 3855 2013 3996 2

331 4003 442 4070 Potest
464 4007 568 4078 etiam.
583 4006 647 4072 alia
669 4007 804 4094 cogitari
825 4007 1025 4096 corruptelae
1047 4007 1148 4094 origo.
1191 4004 1353 4096 Equidem
1374 4005 1568 4073 vocabtdum
1588 4007 1688 4093 ππίκη
1710 4006 1870 4094 glossema
1891 4029 1963 4074 esse

331 4120 471 4188 arbitror
491 4123 536 4188 ad
556 4123 645 4208 ἰσχὺς
664 4131 821 4212 πορεοτοῦ
834 4125 1032 4212 λαμπάδος,
1045 4127 1134 4214 quod
1147 4114 1352 4194 librariorum
1366 4147 1476 4192 errore
1490 4125 1748 4220 frequentissimo
1770 4126 1880 4192 sedem
1894 4146 1962 4191 mu-

288 4229 290 4234 ’
331 4243 449 4310 taverit
465 4242 531 4327 ·(ct.
562 4244 765 4311 scholiastam
793 4246 881 4332 λσγιίς
905 4251 1035 4332 ’μεγίσιη
1061 4247 1171 4332 πεύκη,
1208 4247 1297 4329 ἰσχύς
1323 4246 1449 4330 πυρός).
1499 4244 1640 4312 Weilius
1672 4243 1809 4311 verbum
1836 4244 1961 4312 susae

331 4362 551 4428 reducendum
574 4385 651 4430 esse
682 4364 874 4450 arbitratum
899 4376 1034 4452 possunt
1062 4367 1158 4431 etiam
1179 4365 1242 4430 aliu
1264 4366 1451 4454 excogitari,
1473 4364 1562 4431 velut
1582 4361 1710 4449 οΐρμᾶιο
1730 4363 1785 4430 vel
1806 4363 1960 4448 ἔθρασιιε.

331 4479 445 4568 Neque
473 4503 513 4548 ea
537 4505 616 4550 sana
637 4507 709 4551 esse
730 4483 870 4552 arbitror
891 4507 975 4572 quae
996 4484 1147 4572 leguntur
1168 4483 1385 4552 Eumenidum
1405 4506 1503 4550 versu
1523 4485 1588 4552 680
1610 4505 1696 4571 sqq.:

738 4606 846 4686 πάγον
866 4604 899 4670 d'
923 4603 1054 4688 Ἄρειον.
1073 4603 1169 4682 τόνδ’,
1191 4601 1385 4688 Ἀμαζόνων
1405 4605 1517 4689 ἕδραν,Ι
1596 4621 1605 4642 ⁰
