4148 5618
915 468 967 486 ..
994 429 1120 510 14...

208 672 308 748 πόσος
335 676 477 745 Δαναοίς
485 667 627 753 χρονίας
648 663 801 751 ἐχενῇδας
820 659 961 738 ἀπλοίας
980 664 1069 756 τεύξη
1091 685 1147 728 cur
1169 660 1374 727 scribendum
1393 671 1539 728 censeret
1554 661 1775 756 ἕχενηίδας
1732 685 1834 748 αορας

207 793 307 884 τεύξη,
331 810 478 854 caussam
498 807 563 851 non
584 783 689 887 attuht
705 782 745 848 (i.
758 781 950 857 Dindorfius
974 781 1023 866 (in
1042 803 1121 868 prae
1122 782 1242 848 latione
1266 780 1342 848 edit.
1364 779 1537 868 Teubnp
1559 781 1627 866 48),
1649 782 1708 847 sed
1728 804 1833 868 neque

206 919 343 976 metrum
362 928 468 993 neque
489 879 647 970 sententia
661 901 850 990 glossema
841 921 947 966 inesse
963 901 1091 968 evincit
1128 899 1194 966 Cur
1213 901 1298 966 enim
1313 899 1518 987 Aeschylum,
1532 923 1627 988 quem
1643 900 1833 980 delectatum

211 1051 283 1095 esse
306 1035 431 1093 constat
446 1044 696 1110 synonymorum
719 1019 939 1105 cumulatione,
963 1021 1059 1084 etiam
1080 1017 1280 1086 substantivo
1304 1040 1343 1084 ea
1356 1019 1517 1107 adjectiva
1531 1021 1717 1110 adjunxisse
1737 1043 1833 1108 nege-

380 1263 444 1330 Str.
466 1261 656 1328 παλλεύκων
677 1259 714 1324 δὲ
736 1257 869 1326 πέπλων
890 1258 1025 1345 ἄμοιρος
1044 1257 1182 1344 ἄκληρος
1203 1258 1352 1343 ε’τύχθην.

309 1384 443 1453 Amisa.
470 1379 552 1457 Ζεδς
572 1378 634 1462 χάρ
657 1377 887 1463 αἱματοσταχὲς
907 1376 1074 1466 ἀξιόμισον
1095 1377 1196 1454 ἔθνος
1215 1377 1289 1442 τόδε
1310 1376 1426 1459 λέσχας
1445 1372 1484 1452 ἀς
1505 1373 1718 1462 ἀπηξιώσατο.

516 1496 520 1506 ,
538 1499 543 1530 ,
978 1499 979 1504 ,
1267 1515 1270 1520 .

359 1615 479 1702 Verba,
502 1616 584 1680 sicut
603 1616 638 1678 in
658 1583 749 1680 libris
770 1623 913 1700 exstant,
932 1615 1051 1680 bonam
1071 1613 1229 1702 praebent
1250 1614 1450 1698 seutentiam,
1471 1635 1577 1700 neque
1598 1622 1707 1678 tamen
1728 1617 1835 1678 omnia

211 1758 283 1802 esse
306 1756 386 1800 sana
406 1744 543 1800 metrum
563 1733 693 1798 indicat.
740 1711 926 1798 Hermauni
948 1743 1055 1800 autem
1081 1736 1239 1803 rationem
1266 1735 1321 1820 qui
1341 1733 1510 1798 lenissimis
1539 1755 1615 1798 usus
1641 1732 1774 1798 medelis
1800 1736 1834 1798 in
1874 1813 1887 1841 ι

211 1854 416 1942 antistropha
453 1875 513 1940 pro
548 1851 780 1937 αἶματοστοιχές
813 1851 914 1918 edidit
945 1852 1199 1937 δειματοσταχές,
1226 1854 1261 1920 in
1286 1852 1422 1940 stropha
1446 1852 1639 1940 adjectivum
1661 1851 1834 1938 ἀγέραστος

1 1978 4 2045 ι
86 2063 88 2070 Ι
208 1973 351 2058 inseruit,
372 1981 493 2040 mutato
515 1955 649 2036 voculae
677 1971 715 2037 δὲ
742 1971 864 2056 ordine,
887 1973 958 2058 quis
984 1993 1050 2038 non
1076 1972 1238 2058 praeferat
1263 1972 1414 2038 violentis
1435 1971 1599 2038 Dindorfii
1626 1971 1674 2058 (in
1699 1972 1833 2060 praefat.

173 2155 176 2160 .
211 2115 243 2180 p.
266 2090 322 2176 67)
345 2091 523 2188 conatibus,
546 2083 605 2176 qui'
625 2090 763 2176 ἄκληρος
783 2112 842 2176 pro
864 2089 1056 2175 glossemate
1077 2089 1190 2156 habuit
1217 2101 1249 2155 et
1273 2093 1379 2175 μούνα
1399 2093 1547 2175 inseruit,
1574 2094 1610 2157 in¹
1636 2091 1835 2178 antistropha

210 2220 317 2276 autem
339 2233 437 2276 unum
457 2209 650 2274 vocabulum
671 2207 840 2293 ἀξιόμισον
862 2209 971 2296 ejecit,
944 2208 1042 2274 ttal
1029 2221 1132 2276 terum
1161 2209 1390 2296 αἱματοσταχές
1416 2212 1551 2276 mutavit
1574 2213 1608 2276 in
1630 2210 1832 2297 αἱμαχόφορ-
1931 2263 1934 2276 ,

211 2353 274 2407 νον,
297 2329 426 2395 tertium
448 2328 573 2394 addidit
560 2332 670 2432 trucis,
694 2329 744 2415 cuj
747 2351 784 2392 us
805 2325 955 2392 nullum
946 2351 980 2390 m
1001 2327 1115 2394 libris'
1119 2339 1213 2395 exsta
1214 2331 1441 2416 tvestigium‘?
1495 2329 1696 2396 Vocabulum
1716 2334 1861 2422 μούνας,

144 2479 148 2492 ι
209 2471 275 2514 non
297 2469 368 2513 esse
389 2448 608 2512 necessarium
627 2427 699 2533 ipse
719 2445 909 2512 Dindorfius
930 2427 1108 2532 concedit,
1122 2470 1163 2512 ne
1190 2447 1268 2512 illud
1295 2437 1425 2535 quidem
1452 2459 1574 2514 certum
1601 2471 1672 2514 esse
1694 2449 1833 2514 arbitror
1913 2425 1916 2430 Ι

210 2566 418 2663 adjectiva’'
395 2590 529 2651 αμοιρος
550 2574 588 2630 et
604 2564 742 2651 ἄκληρος
761 2587 893 2652 prorsus
915 2567 1001 2632 idem
1022 2567 1247 2653 significare.
1269 2568 1371 2633 Immo
1392 2568 1511 2634 Furiae
1538 2568 1591 2634 vel
1616 2567 1706 2632 initio
1727 2578 1835 2632 vestes

116 2682 118 2686 ’
210 2685 357 2752 sordidas
381 2685 443 2750 sibi
465 2685 639 2792 contigisse
660 2694 797 2770 negant
807 2685 861 2749 vel
881 2693 996 2771 postea
1022 2696 1108 2750 sorte
1136 2707 1305 2752 concessas
1328 2709 1409 2752 esse.
1443 2687 1497 2767 (cf.
1524 2687 1686 2754 Prometh
1712 2710 1744 2752 r.
1771 2689 1835 2752 230
1955 2695 1962 2708 ’

213 2805 303 2882 όπως
328 2805 458 2888 τάχιστα
484 2802 539 2875 τδν
570 2807 720 2900 πατρῷον
751 2803 784 2878 ἐς
811 2805 938 2887 θρόνον
967 2804 1129 2884 καθέζετ’,
1162 2781 1262 2881 εύθδς
1292 2806 1444 2890 δαίμοσιν
1468 2811 1556 2890 νέμοι
1581 2812 1661 2891 χέρα
1691 2799 1837 2874 ἄλλοισιν

211 2923 299 2990 ἀλλα
318 2929 375 2988 και
395 2920 657 3005 διεστοιχίζετο’
636 2923 738 3008 αρχήν
765 2945 835 3010 sqq.
878 2923 991 3010 Neque
1017 2923 1191 2989 verisimile
1218 2936 1268 2990 est
1289 2924 1526 3013 angustiaretur
1547 2925 1742 3012 explicatum
1764 2949 1834 2992 esse

216 3041 317 3109 altero
334 3040 572 3126 αλματοσταχές,
594 3040 788 3112 vocabulum
808 3064 869 3106 usu
890 3043 999 3108 tritum
1019 3042 1178 3109 vocabulo
1199 3045 1323 3112 rariori.
1367 3044 1456 3126 Quid
1475 3047 1579 3112 vero?
1600 3047 1634 3112 in
1656 3057 1746 3113 tanta
1766 3047 1834 3114 lite·

210 3182 320 3247 rarum
340 3182 530 3247 graecarum
550 3161 679 3248 jacttua
704 3159 898 3226 vocabulum
925 3184 997 3228 oum
1029 3162 1119 3240 ἄξιος
1150 3164 1360 3250 compositum
1391 3187 1468 3230 num
1502 3165 1577 3231 licet
1610 3188 1652 3232 ex
1682 3165 1836 3253 Aeschyli

210 3279 386 3366 tragoediis
401 3280 526 3367 ejicere,
548 3279 634 3366 quod
656 3280 690 3344 in
703 3280 743 3344 iis
758 3301 841 3366 quae
859 3289 990 3346 exstant
1003 3280 1120 3347 fabulis
1134 3291 1263 3368 praeter
1284 3305 1380 3368 quam
1401 3283 1488 3371 apud
1502 3283 1691 3372 Euripidem
1706 3307 1770 3350 non
1786 3307 1835 3350 rc-

210 3400 377 3487 periuntur
398 3397 555 3486 ejusmodi
576 3399 774 3486 composita?
818 3396 943 3482 Quodsi
964 3400 1035 3484 quis
1054 3421 1305 3487 synonymorum
1326 3401 1526 3468 abrmdantia
1539 3403 1626 3490 apud
1639 3403 1836 3493 Aeschylum

212 3505 403 3602 offendatur,
424 3516 467 3582 ab
492 3538 529 3582 eo
552 3518 713 3582 sexcentis
734 3527 930 3610 tragicorum
950 3516 1029 3584 locis
1051 3518 1119 3584 falx
1140 3521 1252 3585 critica
1273 3521 1334 3586 erit
1354 3519 1549 3587 adhibenda.
1573 3520 1627 3606 (of.
1644 3520 1835 3609 Agamemn.

157 3711 158 3714 J
212 3659 245 3702 v.
260 3637 339 3702 202:
355 3635 489 3721 δοςσεβῆ
503 3641 670 3722 τροπαίαν,
686 3636 838 3718 ἀναχνον,
854 3634 983 3722 ἀνίερον
1019 3639 1079 3704 717
1094 3639 1303 3727 παλαίφατος
1315 3645 1419 3726 γέρων
1432 3640 1536 3722 λόγος.
1573 3641 1636 3708 979
1651 3640 1836 3721 ἀκέλευστος

133 3785 137 3792 ·
212 3755 356 3839 ἄμισθος
383 3752 492 3835 ἀοιδά.
546 3753 683 3822 Eumen.
710 3778 742 3820 v.
770 3757 832 3822 170
860 3754 1056 3836 αδτόσσοτος,
1087 3757 1310 3846 αὐτόκλητος.
1340 3759 1404 3826 342
1430 3762 1623 3848 παραφοραὶ,
1646 3764 1833 3846 παρακοπά.

213 3873 357 3960 Choeph.
380 3873 470 3940 initio
493 3872 558 3959 η’κω
585 3880 640 3938 καὶ
660 3879 854 3960 κατέρχομαι
874 3875 950 3942 ub
977 3876 1092 3954 κλύειν,
1120 3875 1264 3943 ἀκούσαι.
1309 3878 1349 3944 V.
1377 3877 1441 3946 522
1467 3881 1836 3963 sarantasmum

217 3988 415 4078 καρανοῦται
440 3992 551 4074 λόχοςς
592 3993 706 4078 Itaque
728 3972 834 4059 etiam
850 4016 946 4081 vorsu
967 3994 1028 4060 511
1052 3997 1213 4062 aesentior
1233 3995 1374 4084 Jonghio
1395 3999 1452 4084 qui
1472 3987 1510 4064 in⁴
1527 3999 1636 4066 verbis
1657 4000 1835 4086 θανόντιίδ

213 4108 252 4180 ού
279 4113 452 4198 φρονοῦντι
473 4109 601 4178 δειλαία
628 4111 720 4196 χάρις
746 4112 900 4197 ἐπέμπετ’
927 4113 1136 4201 tautologiam
1162 4116 1269 4182 inesse
1296 4116 1381 4185 vidit
1406 4117 1574 4182 conferens
1600 4118 1712 4188 iliadis
1737 4120 1782 4187 X.
1802 4143 1835 4186 v.

203 4229 269 4304 159:
290 4227 373 4314 πρὸς
391 4229 422 4294 δ’
444 4229 500 4314 ἐμὲ
522 4227 576 4296 τόν
597 4230 753 4317 δύστηνον
769 4231 815 4296 ἔτι
835 4235 1007 4320 φρονέοντ’
1029 4234 1170 4319 ἐλέησον.
1215 4233 1314 4302 Aliud
1335 4227 1515 4306 satueruht
1528 4235 1690 4305 Stmhius
1710 4249 1743 4304 et
1756 4239 1837 4306 Her·

212 4369 358 4421 mannus.
402 4345 453 4418 Of.
476 4369 572 4434 porro
594 4347 684 4438 Sept
706 4353 785 4419 960:
807 4349 1005 4431 αύτόστονος,
1028 4350 1231 4438 αὐτοπήμων.
1274 4331 1435 4423 Prometh
1461 4377 1496 4424 v.
1514 4356 1579 4422 444
1600 4355 1710 4434 ἔννους
1730 4355 1858 4443 ἔθηκα.

202 4471 286 4544 ‚sal
284 4453 425 4552 φρενῶν
440 4467 627 4555 ἐπηβόλους.
672 4467 772 4558 Soph.
792 4469 881 4558 Ajax
900 4471 980 4538 445.
1007 4471 1066 4548 ξω
1087 4476 1221 4557 βαρείας
1242 4474 1354 4552 αίιίας,
1378 4473 1563 4572 ἐλεύθερον.
1598 4498 1630 4540 v.
1648 4476 1730 4546 492:
1758 4477 1835 4545 λνσ-

214 4588 322 4655 σωσαν
337 4581 414 4658 οδιδ
436 4585 597 4672 ἐπήβολον
619 4593 780 4677 φρενῶν...
811 4588 960 4676 Sophool.
981 4589 1097 4680 fragm.
1121 4592 1184 4660 720
1204 4591 1324 4681 τοφλδς
1341 4589 1457 4660 ’ὀύδ
1437 4596 1522 4679 ορῶν
1546 4593 1728 4679 ἈρχςΑ
1722 4596 1784 4684 jax
1804 4619 1835 4662 v.
