4148 5618
912 479 965 500 u.
991 446 1039 521 10
1055 477 1115 536 ¹...

203 683 259 750 ubi
280 683 480 769 Hartungins
502 691 535 746 et
555 679 705 766 Engerus
725 687 814 744 recte
844 643 973 744 iersum
994 685 1081 764 μίγα
1099 677 1248 750 δουλείας
1267 676 1376 763 inepte
1402 675 1548 742 additum
1571 691 1641 744 esse
1659 677 1825 766 judicave-

201 811 285 886 runt,
307 802 396 890 qued
416 823 482 866 nox
507 799 562 864 illa
588 797 693 862 fatalis
716 797 865 886 Trojanis
891 821 957 863 non
984 797 1087 864 solum
1114 797 1317 878 servitutem,
1344 794 1404 860 sed
1431 797 1725 864 neeem‘attulerit.
1770 797 1824 880 (cf.

203 920 347 1008 Ohoeplu
368 943 498 986 versum
519 921 570 1003 68,
591 915 649 981 ubi
670 916 757 1003 quod
778 917 852 982 libri
873 917 1051 983 habentia
1071 915 1133 1001 γὰρ
1155 898 1252 980 οἴκων
1269 936 1427 1004 πατρομων
1447 914 1579 982 δούλιον
1599 917 1713 998 troyes
1728 920 1826 983 αίσαν

202 1061 244 1104 ex
264 1039 430 1125 adscripta
448 1038 711 1125 interpretatione
735 1037 886 1102 δουλείαν
907 1046 1011 1102 ortum
1034 1057 1104 1101 esse
1126 1036 1331 1101 Hermannus
1354 1033 1485 1128 docuit.)
1534 1035 1643 1102 Etiam
1665 1036 1825 1124 Clytaem-

70 1141 76 1164 '
200 1168 329 1224 nestrae
344 1157 453 1224 verbis
469 1156 583 1242 Agam.
598 1179 631 1220 v.
648 1155 730 1220 1345
751 1155 917 1242 lingarum
938 1176 1014 1220 suos
1034 1175 1152 1220 nervos
1173 1153 1355 1219 reddidisse
1374 1153 1522 1220 arbitror.
1548 1239 1549 1242 Ἴ
1573 1157 1725 1242 Legimus
1742 1159 1825 1222 enim

604 1280 668 1338 aaz*
682 1268 859 1340 πεπτωκότι
1071 1347 1074 1355 ‚

557 1423 560 1432 ⁴
605 1397 710 1478 νρίνρν
731 1393 928 1479 ἐπενδίδωμι
949 1398 1006 1460 τοῦ
1025 1393 1106 1460 κατὰ
1127 1391 1250 1477 χθονὸς

504 1505 506 1518 '
591 1505 713 1577 ’Ἅιδου
734 1517 854 1597 νεκρῶν
867 1513 1014 1598 ’σωοῆρος
1035 1510 1185 1577 εὐκταίαν
1203 1513 1307 1597 χάριν.

355 1629 504 1716 Engerus
526 1630 653 1716 scripsit
673 1629 749 1714 Διὸς
768 1653 828 1719 pro
855 1632 973 1697 'Asdov
1005 1632 1044 1699 cf.
1068 1630 1166 1718 Soph.
1188 1629 1297 1716 Antig.
1330 1654 1362 1696 v.
1395 1632 1474 1715 231,
1507 1631 1563 1696 ubi
1588 1635 1691 1698 nuntii
1724 1632 1826 1698 verbs

202 1749 300 1834 σχολῇ
320 1750 469 1832 ταχύςιὶιι
491 1747 654 1814 codicibus
676 1748 785 1835 lepore
808 1773 865 1816 suo
887 1753 1007 1838 privati
1028 1762 1110 1836 sunt,
1133 1766 1231 1837 quum
1252 1749 1396 1836 legamus
1419 1750 1517 1837 σ’χολῇ
1538 1751 1686 1836 βραδύς.)

285 1895 288 1902 ’
351 1867 389 1931 In
404 1865 594 1953 Agamemn.
617 1893 648 1936 v.
672 1870 733 1934 126
749 1872 819 1934 οἷον
838 1868 883 1954 μή
905 1891 951 1943 τις
970 1869 1037 1949 ἄγα
1058 1871 1201 1963 κνεφάσῃ
1224 1875 1387 1954 προτυπὲν
1407 1873 1491 1954 μέγα
1508 1876 1627 1954 Τροίας
1643 1873 1827 1954 συρατωδὲν
1853 1927 1857 1935 .

202 1985 278 2070 quin
299 1985 492 2051 vocabulum
513 1993 699 2072 σνραιωθὲν
721 1997 905 2074 corruptum
933 1988 989 2072 sit,
1016 2007 1081 2050 non
1103 1986 1225 2052 dubito.
1270 1987 1357 2069 Quid
1382 1999 1430 2054 est
1452 1990 1536 2052 enim
1558 1989 1684 2053 frenum
1707 1989 1826 2076 Trojae

201 2104 236 2167 in
251 2103 375 2170 -bellum
396 2107 575 2193 perfectum
596 2107 703 2172 vel‘in
724 2108 838 2172 eastris
861 2127 1003 2189 versans,
1018 2093 1061 2172 ¹ut
1081 2107 1287 2193 interpretari
1309 2105 1477 2172 solebant?
1521 2107 1593 2187 Quo
1608 2107 1704 2172 modo
1719 2119 1827 2172 autem

202 2223 383 2308 significare
404 2227 544 2311 potuerit
563 2226 690 2291 frenum
709 2224 750 2291 ab
774 2203 918 2292 exercitu
938 2226 1104 2312 injectum,
1135 2248 1231 2311 quarn
1258 2225 1388 2311 quidem
1416 2226 1682 2317 significationem
1703 2227 1826 2292 Μαθη-
1905 2305 1908 2312 Δ

203 2341 267 2406 sius
290 2365 332 2406 ex
345 2342 407 2408 hoc
432 2344 590 2410 vocabulo
613 2344 728 2409 elicere
751 2343 881 2429 studuit,
903 2365 969 2408 non
989 2343 1096 2409 video.
1140 2343 1297 2408 Caussam
1319 2345 1517 2431 corruptelae
1539 2369 1560 2410 a
1580 2345 1698 2412 Weilio
1721 2345 1826 2432 cogni·
1921 2329 1928 2341 ⁹

202 2467 269 2523 tam
291 2483 362 2525 esse
383 2472 471 2548 puto,
494 2465 549 2551 qui
575 2461 710 2548 occardo
730 2463 888 2529 vocabulo
911 2447 1040 2547 στόμιον
1061 2462 1258 2550 adscriptum
1279 2462 1379 2527 luisse
1402 2465 1533 2530 censuit.
1577 2466 1691 2551 Itaque
1716 2488 1827 2534 rursus

202 2577 285 2644 latus
307 2571 496 2668 conjectdris
518 2592 608 2670 patet
630 2605 777 2669 campus;
804 2582 866 2648 hoe
893 2592 1001 2647 tamen
1022 2581 1196 2646 tenendum
1224 2593 1273 2647 e'st
1300 2580 1503 2670 participium
1532 2583 1662 2671 aliquod
1689 2585 1826 2670 primum

203 2699 373 2764 exstitisse.
415 2702 454 2766 In
477 2703 516 2766 iis
539 2723 621 2788 quae
644 2712 821 2788 sequuntur
840 2692 925 2767 malo
948 2701 1065 2794 legere¹
1079 2704 1160 2765 οἴκοι
1182 2715 1277 2787 quam
1299 2706 1385 2790 οἴκῳ.
1434 2702 1587 2767 Ahreusii
1607 2685 1827 2789 interpretatio

201 2817 369 2904 ingeniosa
390 2819 453 2904 illa,
475 2843 539 2907 qua
561 2825 642 2886 οἴκοι
662 2820 817 2890 translata
839 2821 1070 2907 significatione
1093 2819 1135 2884 ad
1158 2820 1285 2885 Dianae
1308 2811 1450 2886 animum¹
1469 2821 1599 2906 rettulit,
1622 2844 1748 2886 omnem
1770 2822 1828 2886 dif-

202 2936 374 3003 ficultatem
394 2949 503 3006 movet
532 2939 564 3024 (l.
588 2963 613 3005 c.
636 2964 667 3025 p.
688 2939 776 3023 281).
830 2939 928 3020 Quod
948 2938 1085 3005 Weilius
1113 2940 1280 3026 proposuit
1308 2939 1513 3004 scribendum
1535 2941 1700 3026 πάροιθεν
1721 2945 1825 3017 οἴκων,

202 3066 335 3144 propter
357 3058 596 3124 collocationem
616 3058 790 3124 verborum
817 3058 895 3122 mihi
916 3079 980 3122 non
1001 3058 1122 3146 placet3
1151 3060 1198 3123 sio
1225 3059 1311 3123 eninr
1332 3059 1492 3124 collocatis
1520 3057 1633 3140 verbis,
1660 3058 1828 3144 singularis
1944 3089 1951 3098 ·

205 3176 363 3262 quaedam
383 3181 434 3244 vis
454 3178 633 3262 accederet,
654 3177 689 3242 id
712 3177 799 3266 quod
820 3176 971 3242 hocloco
993 3175 1133 3242 alienum
1156 3185 1214 3243 est.

259 3301 262 3312 ’
356 3297 394 3361 ln
414 3296 665 3384 Agamemnonis
685 3320 715 3362 v.
737 3298 813 3363 787:
1168 3285 1171 3292 ¹

610 3415 686 3481 οὐδὲ
707 3415 761 3480 τὸν
783 3413 935 3502 ὀρθοδαῆ

609 3539 670 3600 τῶν
691 3538 864 3622 φθιμένων
886 3533 1020 3616 ἀνάγειν

602 3651 691 3729 -Ζεδς
711 3653 784 3720 αὔτ’
806 3653 922 3718 stram
943 3653 996 3717 ἐπ’
1018 3648 1170 3736 εὐλαβείᾳ
1208 3680 1212 3694 ¹

208 3766 275 3856 [sie.
296 3769 382 3836 Flor.
405 3771 457 3836 ἐπ’
479 3768 638 3856 ἀβλαβείᾳ
659 3769 768 3858 FarnL]
790 3770 902 3836 ultima
921 3769 1025 3836 verba
1043 3771 1164 3862 frigere
1185 3772 1250 3835 iam
1273 3769 1432 3836 Canterus
1454 3771 1544 3838 vidit.
1590 3770 1733 3839 Confusa
1759 3797 1829 3840 esse

207 3887 272 3954 dno
293 3889 422 3973 scholia,
444 3913 542 3955 uuum
563 3889 625 3955 hoc
650 3889 705 3974 ιδν
735 3887 937 3977 Ἀσκληπιὸν
961 3888 1024 3974 γὰρ
1052 3889 1512 3976 ἐκεραύνωσενδναστήσανεα
1540 3890 1595 3956 cdv
1629 3889 1829 3972 Ἱππόλυτον,

207 4008 342 4075 alterum
362 4009 457 4074 adv.
480 4010 558 4074 973:
579 4009 644 4095 πρὸ
657 4011 827 4096 χρημάτων
840 4007 986 4094 κτησίων]
1003 4009 1055 4072 ἐπ’
1070 4007 1238 4093 aldiaricios,
1254 4008 1312 4084 ὥςε
1333 4008 1376 4094 μὴ
1392 4009 1436 4073 ἔω
1451 4009 1612 4094 βλαβῆναι
1626 4011 1830 4076 Hermannus

207 4127 299 4194 vidit.
347 4129 415 4194 Vix
434 4137 542 4194 tamen
564 4128 764 4214 crediderim
785 4128 820 4193 id
841 4127 929 4214 quod
949 4127 1069 4213 placuit
1090 4129 1160 4192 viro
1183 4151 1314 4212 summo,
1335 4127 1438 4193 verba
1458 4129 1513 4193 illa
1533 4131 1661 4194 omnino
1684 4151 1756 4213 esse
1778 4131 1831 4218 eji-

200 4247 340 4332 cienda3
368 4270 441 4312 cum
467 4245 599 4336 Engero
629 4245 662 4313 et
688 4247 806 4315 Weilio
836 4270 878 4313 ex
905 4246 1037 4333 stropha
1063 4249 1168 4334 potius
1191 4247 1343 4312 nonnulla
1365 4246 1525 4313 excidisse
1548 4257 1624 4335 puto
1648 4259 1680 4312 et
1701 4251 1831 4314 circum-

190 4365 407 4455 spiciendum
427 4365 618 4438 vocabulum
640 4366 771 4455 aliquod
792 4365 878 4454 quod
899 4364 1234 4433 literarumductibns
1262 4389 1327 4432 non
1346 4389 1479 4454 prorsus
1508 4365 1594 4432 absit
1615 4367 1656 4434 ab
1679 4369 1832 4455 interpre-

209 4494 360 4569 tamento,
381 4483 469 4572 quod
488 4486 523 4551 in
544 4485 648 4552 locum
669 4488 738 4574 ejus
759 4486 959 4552 successerit.
1002 4485 1166 4572 Propono:
1300 4497 1302 4504 ’
1385 4503 1387 4510 ⁴

614 4603 682 4672 εὖτε
702 4603 930 4691 ιδνδρθοδαῆ
1045 4628 1049 4636 ’
1211 4585 1214 4593 ’
