4148 5618
1566 392 1575 429 l

1066 423 1196 509 ...23
1223 473 1276 487 ...

509 666 548 736 In
570 661 756 754 Supplioum
777 687 809 729 v.
832 663 872 730 81
888 663 1093 730 Hermannus
1115 668 1242 756 scripsit
1263 662 1440 733 sententiae
1462 673 1495 729 et
1515 662 1609 730 metri
1630 664 1752 732 indicio
1772 664 1911 752 μελαίνᾳ
1931 689 1982 732 εε-

351 786 431 869 αύχηι
452 807 511 872 pro
533 806 571 850 eo
594 783 682 871 quod
704 782 832 847 codices
854 781 1014 869 praebent
1033 785 1173 868 μελαίνᾳ
1192 783 1252 864 ξίν
1271 785 1362 868 τύχηι.

508 905 547 970 In
567 926 665 968 versu
686 904 748 970 617
770 901 975 966 Hermannus
997 903 1150 970 restituit:

763 1022 885 1107 μήποτε
903 1025 1086 1108 πυρίφατον
1105 1021 1203 1089 τάνδε
1223 1023 1411 1104 Πελασγίαν

760 1138 819 1206 εὰν
840 1139 962 1224 ἄχορον
983 1139 1067 1222 βοὰν
1087 1145 1190 1208 tutum
1210 1140 1337 1225 μάχλον
1361 1139 1442 1227 ”App
1548 1212 1553 1225 ‚

353 1273 476 1328 remoto
498 1264 780 1348 interpretamento
802 1258 908 1336 πόλιν,
936 1257 1023 1344 quod
1049 1258 1167 1346 legitur
1195 1269 1269 1348 post
1289 1259 1486 1341 Πελασγίαν.
1510 1244 1693 1340 ‘Ceterum
1715 1263 1743 1327 si
1766 1261 1984 1332 Schwerdtius

352 1391 441 1448 recte
463 1379 647 1446 emendavit
668 1381 731 1460 γᾶν
751 1399 810 1464 pro
833 1375 989 1442 librorum
1010 1379 1169 1465 scriptura
1194 1355 1269 1456 τὸν,Ι
1284 1378 1686 1466 hocinterpretamentum
1707 1401 1745 1446 eo
1766 1391 1912 1468 tempore
1934 1402 1983 1448 or-

352 1511 420 1568 tum
443 1521 513 1566 esse
533 1507 633 1587 patet,
655 1517 718 1585 quo
734 1498 805 1584 jam
827 1494 1030 1582 gravioribus
1052 1497 1239 1585 corruptelis
1260 1507 1376 1585 poetae
1397 1473 1499 1562 verbe
1519 1497 1716 1565 laborarent.
1759 1531 1771 1554 ν
1837 1563 1840 1568 .

482 1645 484 1658 ¹
506 1617 544 1684 In
564 1637 662 1682 versu
683 1615 746 1681 552
763 1609 885 1700 ’(βοιὴν
899 1613 1065 1700 ἐςορῶναες
1086 1603 1233 1702 δοςχερὲς
1245 1616 1470 1702 μιξόμβροιον)
1492 1618 1696 1704 participium
1717 1618 1883 1704 ἒςορῶνπς
1899 1618 1981 1684 Her·

353 1761 489 1804 mannus
510 1738 639 1820 amovit,
661 1744 770 1822 utpote
792 1733 833 1799 ab
855 1733 894 1798 iis
916 1733 1093 1821 profectum
1120 1737 1175 1822 qui
1206 1757 1271 1801 non
1292 1735 1509 1822 intelligerent
1535 1737 1752 1816 accusativum
1772 1731 1916 1823 pendere
1942 1758 1984 1802 ex

354 1855 463 1922 verbis
478 1855 652 1920 πάλλονεο.
687 1853 774 1936 Quid
791 1853 1048 1921 substituendum
1064 1855 1113 1939 sit,
1127 1855 1282 1920 incertum
1303 1867 1363 1921 est:
1396 1854 1514 1922 Similis
1537 1865 1586 1920 est
1600 1857 1690 1942 origo
1705 1857 1794 1922 vocis
1808 1859 1983 1946 φοβοῦμαι,

355 1950 438 2063 quae
460 1977 582 2040 inserta
604 1983 653 2038 est
672 1971 856 2038 Promethei
876 1993 908 2036 v.
930 1971 994 2038 565
1015 1982 1088 2060 post
1110 1973 1205 2038 ἄλεοε
1227 1971 1278 2052 δεῖ
1300 1972 1342 2039 ab
1369 1975 1410 2040 iis
1438 1975 1493 2062 qui
1514 1974 1689 2042 verborum
1716 1977 1985 2042 constructionem

353 2117 418 2160 non
440 2096 644 2183 perciperent
671 2115 735 2178 qua
756 2094 899 2177 είςορῶσι
922 2092 967 2156 ita
993 2092 1132 2178 positum
1159 2101 1231 2158 erat
1253 2093 1345 2180 quasi
1366 2095 1595 2179 praecessisset
1615 2096 1811 2187 ολσεροῢμαι.
1869 2095 1983 2182 Itaque

357 2215 562 2278 Hermannus
584 2211 700 2277 edidit:
1137 2291 1141 2304 ι
1222 2271 1225 2282 ,

761 2335 842 2414 χρίει
862 2343 907 2408 τις
928 2325 971 2394 αὖ
990 2353 1031 2412 με
1051 2325 1116 2396 τὰν
1129 2330 1306 2396 οάλαισνοιν
1327 2333 1450 2416 οἶστρος
1528 2311 1532 2320 ’

760 2447 896 2513 εἴδωλον
919 2446 1045 2530 Ἀργοο
1065 2452 1207 2532 γηγενοό
1208 2473 1232 2525 ς,
1255 2449 1350 2514 oileus
1372 2449 1432 2527 δοῖ,

761 2567 816 2634 τὸν
836 2565 1005 2652 μυριωπὸν
1025 2568 1179 2652 ελςορῶσα
1200 2569 1328 2652 βούταν.

252 2757 256 2764 ,
353 2691 392 2756 In
415 2690 601 2778 Supplicum
623 2711 718 2753 versu
742 2688 803 2754 786
827 2687 989 2762 δύςοιστον
1009 2696 1108 2773 poeta
1134 2708 1198 2752 non
1221 2686 1358 2772 scripsit,
1386 2687 1445 2751 sed
1465 2679 1711 2774 ’δύςφορονοολ
1732 2688 1832 2754 simile
1854 2688 1984 2776 aliquid.

355 2808 589 2876 Schwerdtium
605 2809 701 2874 video
718 2808 893 2895 conjecisse
908 2807 1115 2894 παράφορον.
1152 2804 1294 2872 Aversu
1309 2806 1372 2872 536
1395 2807 1603 2893 (Παμφύλων
1623 2831 1656 2872 τε
1676 2811 1750 2892 γένη
1774 2806 1984 2892 διορνυμένα)

336 2927 546 3016 uocabulum
566 2932 642 3014 γένη
657 2926 815 3020 Heathius
837 2923 1051 3012 abjudicavit3
1074 2934 1178 2990 ortum
1194 2925 1323 2989 videtur
1340 2923 1502 3011 adscripto
1524 2930 1599 3011 γένη
1620 2925 1664 2990 ad
1686 2935 1871 3020 corruptum
1884 2932 1983 3010 Ποιμ-

355 3046 431 3134 φύλ,
453 3049 487 3111 in
504 3069 571 3132 quc
594 3047 665 3132 quis
680 3035 770 3132 φιλλα
791 3043 854 3110 sibi
869 3045 957 3109 visus
980 3052 1050 3108 erat
1062 3042 1180 3130 legere.
1216 3044 1256 3107 In
1268 3064 1366 3108 versu
1382 3044 1445 3110 770
1458 3066 1518 3130 pro
1534 3044 1635 3127 ὄρνισι
1649 3043 1839 3110 Dindorfius
1853 3045 1984 3131 egregie

353 3165 492 3232 restituit
513 3167 632 3250 πεεῆσι.
761 3213 764 3222 .

506 3283 689 3348 Promethei
709 3303 838 3354 versum
870 3282 932 3348 156
960 3279 1019 3365 (ὦς
1039 3281 1161 3368 μηποιε
1181 3285 1262 3358 θεος
1280 3283 1358 3369 'perias
1379 3305 1424 3357 τις
1446 3281 1544 3358 ἄλλος
1564 3293 1629 3358 τοῖς
1650 3281 1681 3346 δ’
1703 3281 1874 3368 ἐπεγήθει)
1901 3281 1981 3346 Din-

263 3423 266 3430 ’
301 3406 304 3412 ’
354 3401 474 3468 dorfiu's
497 3404 543 3467 sic
563 3401 714 3468 restituit:
737 3398 780 3477 cir
800 3402 878 3487 μήτε
898 3400 988 3467 θεῶν
1008 3401 1084 3486 μήτε
1105 3424 1150 3476 τις
1171 3379 1300 3485 ἀνδρῶν
1321 3412 1385 3476 τοῖς
1406 3398 1434 3464 δ’
1456 3400 1629 3485 ἒπέγηθεν,
1646 3399 1824 3466 rationibus
1845 3421 1978 3487 prorsus

353 3520 575 3607 probabilibus
598 3520 913 3606 ductus,1nisi*qnod
934 3518 1100 3584 maluerim
1121 3519 1209 3606 quod
1222 3517 1452 3604 Blcmfieldius‚
1474 3519 1689 3603 Hermannus,
1708 3516 1984 3605 Naegelsbachius

316 3726 320 3735 Ι
350 3638 575 3726 'probaverunt
588 3639 747 3725 ἐγεγήθει.
784 3639 859 3705 Duo
881 3640 966 3703 enim
986 3638 1160 3722 accessisse
1174 3637 1369 3724 glossemata
1382 3637 1563 3724 suspicatur
1578 3637 1694 3727 (praef.
1709 3659 1784 3725 pag.
1799 3639 1867 3723 61),
1888 3611 1986 3704 unum

354 3783 399 3834 τις
420 3756 463 3823 ad
476 3761 567 3823 θεῶν
583 3756 789 3845 adscriptum,
811 3757 897 3839 unde
919 3757 1013 3822 facile
1035 3758 1111 3822 oriri
1132 3759 1236 3844 potuit
1250 3758 1364 3823 mirum
1386 3755 1465 3822 illud
1484 3756 1616 3843 μήποτε,
1639 3745 1983 3841 ολίονιιιοᾶνθρωπος,

355 3877 445 3964 cujus
467 3875 692 3963 compendium
714 3900 792 3953 ανος
812 3877 846 3941 in
868 3876 967 3953 ἄλλος
987 3885 1142 3945 mutatum
1164 3886 1222 3942 est.
1266 3876 1305 3941 In
1326 3897 1424 3940 versu
1444 3876 1508 3941 248
1537 3876 1606 3959 (καὶ
1632 3873 1696 3962 μὴν
1722 3876 1831 3962 φίλοις
1849 3875 1986 3954 ἐλεεινὸς

354 3995 481 4077 είςορᾶν
502 3993 581 4078 ἐγὼ)
603 4009 796 4082 quamquam
809 3997 924 4062 vitium
938 3997 1106 4062 metricum
1127 3994 1263 4080 tolletur,
1287 3995 1315 4060 si
1325 3994 1479 4080 legemus
1502 3993 1631 4072 ἐλεινός,
1655 4004 1764 4060 tamen
1785 3995 1873 4081 quod
1888 3994 1985 4060 (iucl-

354 4113 577 4199 pherbytunus
609 4113 708 4179 habet
733 4114 875 4200 φίλοισιν
906 4115 1002 4180 aliam
1035 4113 1247 4200 corruptionis
1274 4114 1431 4200 originem
1464 4113 1646 4200 significare
1679 4111 1818 4178 videtur.
1872 4113 1985 4200 Itaque

355 4233 560 4300 Hermanuus
593 4231 703 4316 edidit¹
729 4234 850 4318 οἰκτράς
881 4210 996 4300 collata
1027 4232 1184 4320 Hesychii
1214 4231 1323 4319 glossa
1351 4233 1460 4316 οἰκτρά
1487 4231 1621 4298 ἐλεεινοί.
1681 4231 1813 4314 Οἰκτρός
1838 4229 1984 4308 ἐλεεινός.

356 4349 497 4419 Omnino
519 4349 663 4416 codicem
684 4349 1003 4440 Guelpherbytanum
1031 4375 1074 4418 ex
1093 4352 1240 4418 Mediceo
1263 4351 1460 4438 descriptum
1481 4373 1553 4416 esse
1575 4370 1764 4439 persuasum
1784 4372 1851 4415 non
1873 4349 1987 4422 habeo.

357 4469 394 4534 In
409 4469 592 4534 Promethei
606 4465 716 4535 'verbis
740 4471 800 4537 113
818 4493 883 4535 non
897 4471 1068 4558 legendum
1091 4481 1140 4537 est
1154 4469 1384 4548 πασσαλεοτός,
1408 4493 1504 4557 quam
1520 4469 1650 4557 quidem
1663 4467 1871 4557 plurimarum
1891 4467 1987 4535 libro·

356 4611 427 4654 rum
456 4586 624 4657 lectionem
650 4589 821 4660 Turnebus
848 4590 990 4678 explevit
1016 4591 1184 4680 participio
1216 4591 1270 4669 dv,
1300 4588 1359 4656 sed
1377 4575 1465 4655 'cum
1492 4587 1663 4655 Dindorfio
1690 4591 1984 4673 προςπεπαρμένος.
