4148 5618
886 360 1093 436 ...20..
1210 393 1212 402 .

325 593 434 662 Etiam
458 593 492 656 iu
508 587 774 676 Ghoephororurn
794 613 825 655 v.
847 589 1007 686 bis-57³⁸)
1030 602 1066 658 ut
1078 595 1216 656 metrum
1232 600 1329 678 atque
1344 592 1505 660 sententia
1518 591 1717 676 restituatur,
1736 591 1804 677 ἄχη
1841 581 1843 584 ’

174 711 367 800 ejiciendum
393 721 442 776 est
464 708 734 796 (Naegelsbaehio
765 719 895 776 auctore
921 711 956 776 in
984 708 1264 776 emendationibus
1290 721 1322 776 et
1350 691 1513 797 explicati.
1535 710 1654 778 Aesoh.
1677 711 1806 776 Monesi

175 832 256 900 1857
282 831 375 897 editis
401 852 476 918 pag.
497 831 519 894 4
547 833 631 916 sqq.)
659 829 838 894 Hermanni
866 831 951 894 enim
971 831 1277 918 interpretationem,
1300 831 1356 916 qui
1369 830 1465 914 ppriss
1487 831 1583 916 ejecit
1606 840 1640 894 et
1660 851 1719 916 pro
1742 829 1804 913 ἄχη

173 951 301 1038 scripsit
323 948 422 1035 ἀτυχῆ
450 971 488 1014 eo
514 949 593 1014 vitio
615 947 764 1015 laborare
786 948 875 1038 quod
901 948 955 1015 illa
977 949 1176 1044 ροπῆιδίκας
1202 971 1285 1043 quae
1308 952 1484 1015 sententiae
1510 951 1601 1014 initio
1630 959 1679 1014 est
1699 949 1806 1036 posita

173 1093 212 1136 ea
226 1072 351 1136 ratione
372 1091 438 1134 non
459 1068 502 1132 ad
517 1069 684 1155 sequentia
696 1070 866 1156 pertineat,
881 1069 1156 1156 Naegelsbaohius
1170 1069 1347 1136 rectissime
1363 1069 1558 1134 observavit.
1596 1069 1688 1134 Idem
1711 1069 1804 1156 hujus

172 1189 234 1254 loci
249 1189 546 1278 interpretationem
567 1209 610 1252 ex
623 1196 741 1254 natura
752 1209 878 1274 poenae
891 1171 1102 1276 repetendam
1124 1211 1195 1254 esse
1211 1189 1329 1272 docuit,
1351 1209 1433 1275 quae
1450 1187 1584 1253 Graecis
1607 1198 1663 1253 aut
1677 1207 1804 1274 reprae-

133 1283 139 1293 ’
174 1311 296 1378 sentari
313 1320 371 1377 eut
392 1307 514 1374 differri
534 1306 633 1394 idque
654 1306 775 1374 autad
796 1309 918 1373 exitum
940 1309 1026 1374 vitae
1048 1319 1103 1374 aut
1123 1319 1196 1396 post
1217 1318 1353 1372 mortem
1374 1283 1560 1373 videbatur.¹

326 1427 481 1516 Ejusdem
503 1425 632 1491 tabidae
653 1447 751 1491 versu
768 1425 863 1503 .65**t
886 1448 985 1515 quum
1006 1426 1343 1514 librorum'seri'ptura
1369 1449 1474 1513 neque
1503 1435 1605 1491 metro
1629 1425 1806 1491 satisfaciat

174 1557 207 1614 et
234 1569 332 1614 sensu
357 1558 474 1632 careat,
494 1548 598 1631 μάτην
619 1544 853 1640 restituendum
880 1568 951 1620 esse
978 1569 1037 1632 pro
1065 1557 1216 1635 corrupta
1242 1569 1322 1611 voce
1344 1546 1423 1631 ἄτην
1445 1547 1515 1632 jam
1539 1545 1685 1632 Scaliger
1712 1543 1804 1610 vidit.

174 1666 380 1734 Hermaeum
400 1675 498 1754 quum
513 1668 726 1749 καθαίροντες
746 1687 791 1730 ex
803 1666 1067 1753 interpretatione
1081 1676 1192 1732 natum
1214 1688 1285 1732 esse
1300 1677 1454 1748 censeret,
1470 1665 1575 1730 locum
1595 1666 1643 1730 sio
1657 1664 1805 1730 refinxit:

176 1785 281 1874 φόνον
301 1789 497 1870 καθαρσίοις
518 1787 599 1850 ἴοιεν
619 1784 661 1850 ἄν
681 1784 794 1869 μάτην.
832 1758 1012 1849 Verbasic
1026 1787 1198 1852 constituta
1219 1785 1297 1850 mibi
1311 1784 1432 1874 aliquid
1442 1785 1546 1873 jejuni
1560 1784 1680 1850 habere
1695 1783 1805 1848 videu-

175 1904 241 1990 tur,
268 1905 356 1992 quod
385 1904 454 1971 tolli
479 1913 596 1989 potest,
618 1901 794 1970 dummodo
814 1902 1006 1970 vocabulum
1028 1908 1242 1990 καθαίροντες
1269 1905 1312 1970 ad
1340 1905 1517 1980 διαίνοντες
1543 1904 1740 1989 adscriptum
1772 1905 1805 1966 in

174 2033 361 2112 sequentem
376 2045 504 2102 versum
518 2021 721 2088 librariorum
736 2044 844 2088 errore
859 2021 946 2088 haud
959 2045 1033 2088 raro
1049 2023 1240 2089 translatum
1255 2045 1326 2088 esse
1341 2023 1530 2109 judicemus.
1567 2022 1659 2103 Quae
1675 2021 1806 2108 quidem

175 2145 313 2233 suspicio
336 2145 364 2230 si
385 2141 561 2234 probabilis
583 2151 641 2225 est,
662 2142 756 2224 varia
775 2151 911 2229 possunt
933 2143 1122 2228 excogitari.
1166 2143 1331 2230 Propone:

581 2261 678 2344 πόροι
699 2285 731 2324 τε
752 2261 870 2336 πάντες
892 2261 931 2326 ἐκ
947 2265 1023 2344 μιᾶς
1045 2258 1126 2328 ὁδοῦ

478 2438 479 2442 ,
582 2377 758 2454 διαίνοντες
779 2377 833 2444 τὸν
852 2382 1013 2464 paparium}

580 2497 685 2583 φόνον
707 2496 833 2585 eomer
854 2497 1040 2581 inretisses
1060 2499 1102 2564 ἄν
1123 2498 1226 2582 μάτην

174 2615 227 2682 rel
248 2617 352 2704 φόνον
373 2615 500 2703 ῥοαῖσιν
521 2594 707 2686 exterrere
727 2617 769 2682 ἄν
789 2616 902 2702 μάνην.

327 2735 366 2802 In
388 2733 533 2824 ejusdem
553 2734 683 2804 fabulae
703 2757 802 2801 versu
823 2737 865 2804 68
887 2735 1108 2804 Hermannum
1129 2754 1244 2800 vocem
1265 2735 1397 2802 δούλιον
1419 2735 1586 2820 delevisse,
1613 2759 1710 2823 quum
1734 2759 1805 2802 eam

176 2877 219 2923 ex
246 2853 411 2941 adscripta
431 2855 696 2941 interpretatione
718 2854 870 2922 δουλείαν
891 2865 994 2921 ortem
1016 2877 1087 2920 esse
1103 2853 1274 2942 judicaret,
1296 2877 1395 2942 supra
1416 2858 1664 2922 commemoravi
1685 2854 1805 2936 (Biora

175 2971 300 3042 fieldius
323 2973 450 3061 scripsit
472 2973 616 3051 saeuas,
638 2973 690 3040 oui
711 2971 869 3040 adsensus
897 2984 947 3040 est
967 2973 1243 3060 Naegelsbaohius
1265 2973 1285 3039 l.
1308 2983 1343 3042 e.'
1356 2977 1483 3060 pagi.
1526 2977 1564 3039 In
1591 2977 1630 3038 iis
1652 2995 1735 3061 quae
1758 2997 1805 3040 se-

176 3103 316 3180 quuntur
342 3093 454 3160 δίκαια
479 3100 535 3162 καὶ
554 3091 597 3180 μὴ
620 3093 732 3158 δίκαια
752 3094 907 3176 πρέποντ’
932 3089 1037 3176 ἀρχὰς
1062 3097 1134 3176 βίον
1162 3097 1218 3176 βίᾳ
1241 3098 1429 3178 φερομέναν
1458 3097 1584 3170 αἰνέσαι
1612 3096 1645 3158 in
1676 3094 1806 3160 diversa

177 3211 328 3280 abierunt
347 3209 409 3279 viri
425 3212 526 3297 dooti3
547 3213 581 3277 in
603 3233 642 3277 eo
658 3221 766 3278 tamen
780 3213 983 3278 consentiunt
997 3211 1132 3278 alterum
1155 3212 1266 3278 δίκαια
1289 3234 1358 3277 esse
1373 3213 1613 3280 removendum.
1650 3213 1689 3278 In
1709 3235 1805 3278 versu

529 3451 561 3534 *j
585 3448 668 3536 ῥοπὴ
691 3450 721 3514 δ’
743 3449 912 3514 ἐπισκοπεῖ
931 3440 1023 3523 δίκας
1091 3503 1094 3510 .

580 3579 692 3650 ταχεῖα
713 3565 785 3643 τοὺς
804 3571 865 3651 μὲν
885 3567 925 3632 ,ἓν
947 3567 1036 3653 φάει,

581 3685 652 3758 τὰδ’
674 3687 710 3752 ἓν
730 3689 905 3774 μεταιχμίῳ
927 3685 1040 3752 σκότον

580 3809 669 3892 μένοι
689 3803 867 3890 χρονίζοντ’
891 3803 960 3889 dp,
982 3803 1081 3889 βρύει,

581 3922 653 4004 τοὺς
674 3923 704 3993 δ’
727 3923 891 4008 ἄκραντος
912 3921 977 4006 ἔχει
997 3920 1064 3999 νὺξ.

405 4201 409 4206 -
509 4159 679 4253 “tndem
698 4183 732 4234 ss
751 4159 872 4245 udep
891 4159 927 4224 ἔκ
946 4163 1030 4243 μναῖς
1050 4155 1131 4228 ὁδοῦ

424 4245 434 4268 ⁹
583 4277 759 4354 δοαίνοντες
780 4275 835 4343 τὸν
854 4281 1014 4365 χερομνσῆ

582 4397 686 4485 φόνον
707 4400 920 4482 καθαίροντες
941 4398 1056 4464 ἰοῦσαν
1073 4395 1170 4483 οἴην,
1274 4441 1277 4450 ,

180 4592 184 4598 ,
262 4518 443 4594 Δταίνονπς
463 4537 522 4610 pro
544 4501 950 4606 praesensissemus
971 4515 1113 4605 scripsit.
